2534 4644
1101 285 1179 374 21¹

184 445 327 510 Proxime
346 447 427 507 hanc
449 446 631 510 sententiam
650 467 756 510 meam
775 443 902 509 accessit
914 443 940 510 l.
957 445 1000 511 Α.
1013 445 1143 529 Ernesti,

94 549 151 634 qui
170 549 202 610 in
222 547 433 612 dissertatione
452 546 491 611 de
514 545 739 613 Glossariorum
759 545 963 628 Graecontm,
984 549 1018 611 in
1037 549 1143 636 primis

98 653 247 735 Hesychii
260 671 334 715 vera
350 648 455 712 indole
473 661 504 711 et
515 662 597 713 recto
617 673 675 714 usu
691 653 723 714 in
742 651 989 738 interpretatione
1003 673 1031 717 a.
1051 650 1141 721 1742

99 751 195 830 edita,
219 753 303 814 cuius
324 753 418 814 verba
436 772 534 836 neque
557 750 703 816 Albertus
726 775 825 839 neque
837 751 1039 818 Ruhnkenius
1052 774 1143 818 accu-

98 865 163 915 rate
183 855 329 931 legerunt.
370 850 488 938 Accipe
507 854 572 917 eius
592 856 687 917 verba
729 853 797 934 „Ex
820 875 861 916 eo
883 871 995 934 genere
1008 867 1079 920 sunt
1089 857 1140 920 illa

99 966 253 1032 veterum,
281 950 380 1031 λέξεις
400 966 431 1017 et
452 957 607 1038 piniadae
649 957 793 1036 Homeri,
823 955 969 1040 Hesiodi,
996 958 1140 1041 Platonis,
1261 975 1267 991 ’⁴

99 1056 306 1142 Hippocratis,
329 1055 494 1126 Oratorum
515 1055 705 1136 Atticorum,
727 1079 856 1143 quarum
872 1060 1035 1149 plenaeque
1047 1058 1142 1124 inter-
1202 1100 1224 1135 ᾗ.

100 1157 243 1221 ciderunt.
270 1197 321 1208 —›
338 1159 403 1234 Has
419 1171 535 1223 'omnes
556 1172 659 1223 autem
681 1161 844 1246 separatim
857 1173 947 1225 antea
961 1160 1057 1225 editas
1071 1173 1143 1248 post

98 1259 299 1341 Diogeniani,
327 1261 512 1347 Zopyrionis
534 1273 565 1323 et
581 1261 734 1348 Pamphili
755 1281 866 1347 opera,
884 1270 1023 1352 tempore
1042 1258 1141 1326 incer-
1251 1285 1259 1293 ·

98 1375 164 1425 tum
177 1374 225 1425 est
240 1383 300 1446 quo
313 1364 347 1424 in
359 1385 456 1425 unum
472 1385 580 1450 corpus
595 1362 719 1444 digessit
732 1376 763 1428 et
775 1364 879 1426 multis
894 1383 935 1439 ex
950 1359 1035 1427 omni
1047 1364 1142 1427 libross

97 1487 167 1528 rum
189 1485 315 1544 genere,
337 1464 430 1526 etiam
451 1464 573 1527 esacris
593 1465 749 1550 utriusque
768 1459 904 1528 foederis
921 1471 951 1535 et
970 1460 1142 1532 oTheolo-
1220 1533 1225 1543 Χ

100 1588 210 1647 gotum
229 1578 368 1630 veterum
386 1566 469 1629 libris
496 1566 630 1652 repetitis
649 1567 733 1630 auxit
746 1565 938 1649 Hesychius,
955 1563 1142 1630 Alexandri-

100 1689 158 1730 nus
180 1668 417 1748 grammaticus“
441 1679 508 1731 cett.
529 1669 563 1730 in
584 1669 691 1753 qurhus
711 1666 864 1756 Pamphili
881 1655 1072 1733 mentionem
1092 1669 1143 1730 in·

99 1772 210 1832 iectam
223 1790 291 1832 esse
303 1771 503 1833 vehementer
515 1769 692 1852 gaudemus.

139 1860 142 1865 ⁵
181 1869 407 1951 Aggrediamur
424 1872 516 1951 igitur
535 1893 612 1959 opus
634 1884 773 1935 nostrum
780 1893 791 1953 3·
819 1883 850 1936 et
869 1891 965 1957 quum
984 1879 1081 1933 totam
1102 1869 1142 1935 de
1190 1952 1198 1965 ι

99 1972 197 2034 lexico
213 1972 409 2052 Hesychiano
431 1973 667 2058 disputationem
678 1976 829 2062 epistola.
842 1973 883 2037 ad
893 1973 1057 2067 Eulogium
1069 1973 1142 2036 scri-

100 2085 152 2158 pta
165 2085 310 2165 tanquam
328 2073 528 2136 fundamento
553 2076 610 2137 niti
622 2075 782 2140 videamus
799 2098 868 2140 eam
880 2077 1014 2163 primum
1024 2085 1143 2163 repeta-

101 2195 186 2254 mus,
204 2173 350 2238 adiunctis
369 2177 467 2254 notis,
488 2178 520 2238 in
542 2177 650 2261 quibus
672 2178 712 2241 de
732 2179 857 2259 singulis
877 2178 953 2240 locis
967 2176 1142 2261 disputatur.

100 2274 183 2338 Exiit
197 2286 299 2338 autem
317 2278 368 2340 illa
381 2278 523 2364 epistola,
546 2289 579 2339 ut
598 2280 721 2365 opinor,
745 2283 783 2344 ab
804 2277 952 2364 Hesychii
969 2299 1063 2342 manu
1079 2279 1143 2354 ,hoc

100 2383 164 2444 fere
176 2378 283 2443 modo.
