2534 4644
117 283 181 346 lm

116 463 167 537 pta
184 460 268 527 sunt,
291 451 399 534 quibus
420 471 517 535 nuper
538 452 663 513 accessit
680 449 781 532 Etynn.
803 451 846 514 M.
865 475 894 537 p.
919 456 995 530 144,
1022 459 1080 532 48,
1101 458 1155 518 ubi

114 577 169 641 pro
183 548 270 616 οὕτω
291 550 379 615 θέλει
401 544 419 615 ὁ
437 543 670 631 Ἀρτεμίδωρος
691 553 854 632 legendum
867 576 933 616 esse
948 550 1039 619 οὕτω
1060 553 1156 621 Θέων
1190 541 1194 547 ’

116 653 134 721 ὁ
161 651 402 736 Ἀρτεμιδώρου
429 653 504 715 sidit
525 651 650 749 Bestius
669 653 709 715 ad
729 653 854 734 Gregor.
876 655 1011 720 Corinth.
1036 681 1068 743 p.
1090 666 1154 724 567

113 781 176 842 seq.
201 758 251 819 ed,
273 756 393 843 Schael.
436 754 470 816 ln
495 752 651 836 Hesyhhlo
671 757 699 818 si
720 780 783 818 non
805 760 871 842 ipsa
894 758 1030 821 Theonis
1049 763 1153 840 verba,

113 861 222 922 similia
237 871 342 919 tamen
363 858 510 936 leguntur.
584 932 589 947 Ι,
631 866 634 873 “
738 861 830 939 igitur
848 882 929 922 nunc
951 863 1082 938 selinus,
1112 860 1153 925 ¹cle

113 963 250 1024 Theonis
266 961 363 1022 lexico
383 982 446 1022 non
463 852 736 1043 minusoffl,
760 983 853 1045 quam
871 962 910 1023 do
924 960 1057 1047 Apionis
1072 965 1151 1026 libro

113 1065 274 1142 debemus3
296 1063 354 1122 nisi
366 1072 491 1144 uterque
505 1060 595 1122 Theo
608 1072 639 1122 et
649 1054 733 1145 Apio
746 1065 811 1148 pari
823 1068 885 1125 fato
900 1075 1061 1148 pmpterea
1073 1067 1152 1127 lexi-

112 1187 216 1225 corum
236 1185 362 1225 suorum
382 1163 563 1224 memoriam
584 1162 623 1223 ad
644 1174 780 1247 posteros
799 1168 877 1226 ferre
897 1187 962 1227 non
978 1177 1150 1250 potuerunt,

110 1267 180 1351 quia
192 1268 243 1350 qui
255 1267 424 1351 excipiebat
432 1287 486 1328 eos
499 1266 738 1350 lexioegraphus,
760 1289 867 1328 eorum
879 1270 995 1330 hunam
1006 1269 1151 1346 gloriam-

110 1391 169 1454 que
182 1370 364 1430 obscuravit.
370 1404 380 1429 :-

192 1470 276 1531 Haec
295 1469 334 1532 de
352 1469 537 1550 Diogeniani
554 1470 703 1545 fontibus,
730 1491 809 1552 quos
821 1470 992 1550 Hesychius
1011 1492 1150 1535 comme,

108 1575 247 1636 moravit.
290 1572 448 1658 Simerest,
473 1584 506 1632 ut
525 1569 738 1646 ostendamus,
761 1581 862 1632 utrum
883 1591 955 1633 vere
974 1573 1150 1652 Hesychius

107 1675 334 1754 Diogenianinn
360 1674 468 1735 dixerit
496 1667 536 1734 col
566 1676 630 1734 τῶν
657 1667 863 1752 κεχρημένων
883 1665 1033 1749 ὀνόματα
1060 1695 1150 1757 prae-

107 1778 280 1839 termisisse.
336 1776 536 1838 Ruhnkenius
573 1774 605 1836 id
644 1776 741 1837 obiter
771 1774 876 1851 tetigit.
928 1769 1037 1849 Quum
1064 1774 1149 1838 enisu

108 1901 147 1941 ex
178 1879 437 1962 Harpocratione,
479 1899 556 1962 quae
591 1900 616 1938 s.
644 1899 673 1939 v.
711 1868 847 1939 ἄειεσιώ
876 1877 1031 1952 leguntur,
1069 1887 1147 1943 atlu-

106 1981 205 2057 lisset,
227 1981 261 2040 in
283 1981 390 2063 quibus
409 1978 548 2062 Antipho
573 1980 690 2053 citatur,
712 1979 753 2037 ita
772 1978 868 2060 pergit
889 1976 1053 2052 „Celerum
1071 1979 1147 2044 hine

106 2084 197 2143 eliam
214 2093 352 2167 apparet,
373 2082 550 2169 scriptorum
564 2081 692 2139 nomina
706 2101 769 2138 suun
791 2081 903 2162 ubique
918 2100 940 2139 a
951 2077 1146 2157 Diogeniano

106 2206 172 2246 esse
184 2186 315 2263 omissa3
337 2203 509 2266 quanquam
527 2202 583 2241 nec
598 2182 771 2260 Hesychius
783 2204 893 2243 omnes
906 2183 945 2243 ab
962 2201 1001 2241 eo
1014 2181 1147 2243 auctori-

32 2279 37 2288 ’
104 2299 180 2348 tates
193 2288 344 2364 neglectas
356 2282 443 2360 dicit,
464 2286 617 2367 requirens
629 2294 747 2345 tantum
762 2286 826 2345 eius
839 2286 871 2344 in
884 2280 1025 2344 notandis
1036 2293 1146 2344 aucto.

104 2410 171 2450 rum
194 2388 369 2448 nominibus
388 2386 529 2468 librisque
544 2385 733 2464 diligentiam
757 2388 789 2446 in
808 2387 916 2464 glossis
933 2385 984 2459 ih,
1010 2381 1049 2451 (le
1062 2403 1145 2464 qua-

102 2510 171 2549 rum
187 2488 405 2565 significatione
425 2488 653 2565 annbigerelur.“
695 2484 881 2570 Quanquam
904 2483 1021 2552 ostendi
1037 2505 1144 2567 supra,

102 2591 162 2650 hoc
183 2591 324 2672 exemplo
346 2591 390 2649 uli
407 2601 487 2650 recte
505 2590 662 2650 neminem
679 2610 787 2672 posset
818 2600 921 2651 tamen
941 2606 997 2665 ego
1020 2606 1144 2670 quoque

101 2689 284 2752 Ruhnkem'o
296 2693 445 2754 assentior
459 2713 638 2776 caussasque
648 2713 702 2752 cur
714 2692 756 2752 ita
770 2711 925 2766 censeam,
946 2707 1023 2753 mox
1036 2690 1144 2771 exple
1195 2720 1200 2739 ·

101 2796 199 2870 nabo‘3
221 2791 275 2853 sed
296 2794 486 2874 Hesychium
501 2814 625 2855 summa
648 2793 754 2853 iniuria
776 2792 1005 2872 Diogeuianum
1022 2789 1142 2873 vitupa

100 2877 181 2955 nasse
195 2906 279 2978 pulo,
