2534 4644
1095 269 1137 341 17

99 458 163 515 erat
181 443 344 537 Apollonii
361 441 484 530 lexicon
503 440 702 505 homericum.
754 439 868 507 Nonne
881 441 942 505 hoc
962 432 1135 538 comparato
1239 423 1244 429 ⁶

98 574 162 615 non
173 553 276 616 minus
295 546 377 611 bene
393 542 495 609 doceri
518 556 650 630 poterat,
672 547 791 626 glossae
806 544 1020 628 Hesychianae
1035 555 1138 636 quales

98 665 188 717 antea
198 653 335 715 fuerint?
378 645 481 726 Quare
493 643 635 730 equidem
646 645 727 709 hane
742 644 867 731 quidem
880 645 1057 715 Ruhnkenii
1066 676 1138 718 sen.

98 757 227 820 tentiam
242 751 304 814 hoc
322 749 425 814 statim
452 748 485 809 in
505 749 593 824 loco,
624 746 679 809 ubi
698 742 748 810 res
767 768 906 811 enarrare
928 753 1139 839 modo,··non

99 854 265 922 diiudicare
285 848 317 916 in
339 851 441 914 animo
462 859 540 933 erat,
561 846 738 910 Ruhnkenii
755 848 880 928 ingenio
895 853 998 918 minus
1015 842 1138 938 dignam

101 981 169 1024 esse
189 955 347 1020 ostendere
361 951 460 1017 'volui
503 949 624 1012 Tamen
649 971 685 1012 ea
707 951 863 1036 hucusque
880 958 944 1016 n'on
965 967 1011 1018 est
1028 977 1046 1019 a
1061 979 1139 1043 quo-

100 1080 193 1146 quam
204 1062 331 1121 refutata
340 1072 358 1137 3·
370 1077 426 1141 pro
444 1053 583 1115 mutilato
599 1063 630 1114 et
649 1052 829 1138 interpolato
843 1075 861 1117 a
875 1057 1026 1142 plerisque
1041 1061 1139 1125 habe-

99 1165 186 1226 batur
195 1158 426 1244 Hesychianum
437 1156 577 1218 lexicont
598 1155 775 1239 praesertim
792 1168 954 1241 postquam
968 1159 1139 1226 adversaria

98 1258 293 1325 Valckenarii
313 1258 462 1324 sententia
474 1256 651 1318 Ruhnkenii
667 1257 828 1336 sagacitate
844 1268 874 1319 et
889 1257 1023 1323 doctrina
1034 1263 1140 1327 fundi.

98 1377 147 1429 tus
166 1385 272 1430 eversa
288 1370 319 1425 et
336 1364 465 1424 refutata
484 1379 552 1420 esse
570 1356 669 1422 videri
690 1369 839 1444 coeperat.
881 1357 937 1423 Ad
950 1364 1032 1427 hunc
1047 1369 1140 1448 enim,

100 1469 186 1531 cuius
205 1468 270 1528 iarn
289 1475 377 1527 antea
390 1461 492 1547 paucis
508 1461 721 1539 meminimus,
743 1483 824 1523 nunc
840 1461 1031 1528 redeundum
1044 1479 1098 1531 est.
1189 1494 1193 1499 ·

96 1594 98 1599 ·
185 1567 293 1630 Exstat
307 1563 501 1629 Valckenarii
516 1560 684 1625 dissertatio
705 1561 745 1625 de
760 1562 892 1627 Scholiis
907 1566 948 1627 ad
960 1566 1141 1651 Homerum,

100 1680 171 1757 post
193 1669 356 1749 Virgilium
377 1665 570 1730 Ursinianum
590 1665 688 1732 edita:
718 1665 766 1726 cui
784 1665 865 1729 inest
884 1666 1142 1743 Schediasma‘de

99 1771 235 1858 Epistola
263 1769 304 1834 ad
325 1769 491 1850 Eulogium
512 1768 668 1849 Hesychio
690 1767 825 1853 praefixa
855 1768 1013 1856 operisque
1035 1774 1142 1836 inscri-

99 1875 227 1961 ptioneq
244 1876 282 1936 cf.
295 1872 427 1959 Opuscc.
442 1870 551 1934 Valck.
565 1869 610 1949 II,
632 1892 662 1954 p.
679 1869 739 1934 152
756 1908 774 1918 -
815 1876 885 1935 163.
927 1871 976 1935 Ibi
987 1873 1142 1961 Epistolae

100 1987 205 2038 auctor
225 1977 264 2037 ab
287 1977 446 2036 collectore
464 1971 555 2033 lexici
575 1983 744 2057 separatur3
765 1974 1050 2057 huncHesychium
1063 2000 1143 2040 nun-

102 2087 208 2162 cupat3
227 2076 314 2137 illum
333 2074 490 2136 falsarium
506 2094 573 2134 esse
594 2085 624 2134 et
639 2074 787 2156 Hesychii
805 2096 921 2136 nomen
936 2077 1071 2142 induisse
1085 2102 1144 2165 pu-

102 2187 164 2260 tatg
194 2192 366 2261 quanquam
386 2195 457 2235 eam
477 2175 700 2256 quaestionem,
723 2175 790 2258 quis
806 2178 896 2237 lexici
910 2190 1014 2241 auctor
1026 2182 1145 2243 haben-

104 2275 161 2340 dus
179 2277 234 2356 sit,
266 2296 332 2338 non
352 2287 489 2339 accurate
507 2286 633 2338 tractare
652 2277 764 2355 voluit,
799 2279 946 2362 epistolae
967 2283 1145 2368 scriptorem

102 2377 332 2464 reprehendisse
344 2390 511 2442 contentus.
554 2377 690 2440 Lexicon
703 2380 805 2464 ipsum
818 2381 946 2442 maximi
963 2385 1044 2446 facit.
1089 2383 1146 2462 „ln

102 2480 327 2569 Hesj'ffliumf‘
356 2482 412 2562 ait,
434 2478 624 2560 „nostinihil
637 2477 736 2543 dicere
746 2505 798 2544 me
810 2484 1038 2563 inclementius,
1062 2486 1145 2548 cuius

103 2603 218 2661 errores
242 2585 412 2666 gravissimi
427 2583 487 2669 ipsi
509 2582 651 2646 Bentleio
674 2585 838 2670 plurimum
859 2587 935 2647 boni
957 2584 1145 2671 pepererint“

103 2691 192 2776 epist.
208 2688 249 2751 ad
258 2686 392 2750 Roever.
406 2686 538 2770 Opuscc.
552 2685 582 2763 I,
602 2708 634 2771 p.
652 2685 725 2750 349.
768 2684 818 2748 De
832 2687 978 2771 epistolae
992 2688 1146 2771 scriptore,

104 2801 170 2854 tota
182 2789 384 2874 disputatione
404 2787 505 2863 finita,
526 2787 568 2847 ita
589 2786 722 2863 disserit,
743 2789 764 2846 l.
779 2789 799 2847 l.
812 2809 842 2870 p.
861 2793 930 2850 163.
974 2787 1147 2865 „Omnibus

105 2903 209 2955 autem
229 2889 386 2976 expensis,
408 2887 451 2949 sic
471 2908 599 2965 censeo,
629 2889 813 2948 luculentam
834 2889 1048 2966 glossariorum
1070 2890 1147 2951 lexi-

105 3014 270 3078 corumque
283 3003 422 3055 veterum
440 2984 656 3072 συναγωγὴν,
682 3011 773 3073 quam
787 2992 843 3052 sub
858 2991 1006 3071 Hesychii
1020 2991 1147 3053 nomine

103 3097 246 3177 legimus,
267 3115 333 3156 non
346 3115 414 3156 esse
431 3091 510 3156 vasti
530 3092 629 3176 operis
643 3092 812 3176 epitomen,
834 3104 995 3178 postquam
1011 3092 1147 3180 Epistola

104 3197 146 3259 ad
162 3196 327 3275 Eulogium
349 3196 458 3281 scripto
480 3197 578 3256 iuerat
597 3194 756 3273 mandata,
780 3196 1009 3259 concinnatam:
1039 3218 1147 3281 saepe-

105 3320 232 3362 numero
246 3296 370 3383 quidem
384 3295 556 3358 Auctorum
569 3308 609 3357 ‘et
619 3296 808 3383 Populorum
822 3299 950 3359 nomina
965 3300 1045 3358 male
1059 3318 1147 3381 prae-

106 3400 258 3479 termissa3
290 3421 356 3460 non
373 3419 469 3483 pauca
488 3399 596 3477 etiam,
627 3401 758 3483 quaein
782 3401 865 3462 libris
885 3398 1010 3462 vetustis
1029 3399 1148 3483 plenius

106 3504 288 3582 legerentur,
309 3501 404 3563 fuisse
420 3511 586 3565 contracta:
609 3500 665 3563 sed
680 3503 718 3563 ab
736 3503 804 3580 illo,
827 3502 878 3587 qui
890 3523 955 3563 non
968 3502 1148 3585 peritissime

106 3603 187 3665 hanc
202 3602 410 3663 collectionem
421 3603 536 3687 primus
552 3601 726 3666 adornavitr
747 3602 917 3690 Epistolam
932 3601 972 3664 ad
985 3600 1148 3682 Eulogium

108 3725 128 3767 a
147 3701 294 3767 Graeculo
316 3706 474 3766 recentiori
485 3706 666 3790 praelixam,
688 3716 723 3764 ut
744 3707 854 3768 librum
874 3706 1025 3768 momenti
1038 3704 1148 3767 nullius

107 3804 279 3886 augmentis
296 3824 314 3865 a
333 3825 368 3866 se
389 3805 517 3869 ditatum
531 3805 698 3893 splendidis
717 3806 883 3870 mendaciis
903 3806 1148 3884 commendaret3

107 3918 197 3993 atque
215 3905 294 3969 adeo
310 3900 465 3986 existimo,
492 3909 684 3992 Hesychium
704 3910 771 3974 sive
785 3921 872 3975 vetus
891 3910 967 3973 illud
982 3907 1067 3972 etad
1082 3905 1149 3969 adi-

107 4007 285 4094 piscendam
316 4004 518 4073 eruditionem
545 4004 764 4103 ingeniumque
797 4011 1000 4077 exercendum
1026 4009 1150 4073 utilissi-

940 4118 962 4178 2
