2534 4644
1108 251 1207 321 ’λῖι

109 425 207 499 lorum
219 420 463 508 interpretatione
477 422 572 482 multa
584 417 784 505 praetermisit
803 425 968 501 excerptor,
989 409 1081 503 idque
1096 439 1148 504 ro-

108 537 206 604 actus,
228 527 255 588 si
278 545 359 586 resa
380 522 541 607 Pamphilo
558 523 696 583 collectas
717 516 999 585 aninorirolumine
1011 541 1150 605 compref

107 626 241 688 hendere
260 627 392 689 volebat.
437 622 578 707 Ceterum
599 643 794 707 quaecunque
814 620 995 683 Athenaeus
1016 642 1055 682 ex
1070 621 1148 686 libro

106 728 259 814 Pamphili
280 723 377 805 ,μιτρλ
397 725 572 808 γλωσσῶν“
593 726 739 786 hactenus
762 723 878 801 citavit,
901 724 1004 786 omnia
1023 737 1098 798 sunt¹
1109 746 1149 788 ex

108 827 235 891 diversis
251 825 391 891 *Graecae
409 829 529 908 linguae
550 824 701 903 dialectis,
734 823 889 887 Atticaet
907 825 1074 913 Lappnica5
1109 850 1149 891 ex
1258 848 1262 862 ·

107 928 215 1014 poeta,
237 931 441 1015 Hipponacte,
469 928 740 1011 Romanorumque
762 927 866 1005 lingua
883 910 986 1011 petili.
1029 927 1148 1002 Titulus

107 1032 196 1110 igitur
203 1033 287 1107 ¹bene
305 1030 468 1117 respondet
486 1030 629 1092 vocabuli
643 1028 777 1105 notioni,
800 1030 921 1112 qualem
937 1039 1055 1114 praeter
1070 1032 1147 1094 alios

108 1130 240 1212 Galenus
273 1133 428 1218 exposuit,
457 1130 490 1192 in
510 1124 674 1214 Ἑξηγήσει
695 1130 765 1197 τῶν
793 1123 1026 1211 Ἱπποκράτους
1045 1136 1147 1216 γλωσ-

105 1237 191 1312 σῶν,
212 1259 243 1321 p.
259 1234 331 1299 408.
351 1233 399 1295 ed.
414 1231 521 1293 Franz.
1182 1228 1185 1232 ’

132 1374 136 1379 -
189 1337 346 1398 Praeterea
366 1333 547 1395 Athenaeus
563 1332 758 1416 Pamphilum
779 1329 883 1392 laudat
901 1330 935 1392 in
953 1332 1030 1403 libro
1051 1332 1152 1417 „scapi

88 1434 264 1520 'platona
285 1433 340 1499 set
363 1427 572 1518 dvopoicov,“
595 1454 686 1518 quem
705 1432 838 1496 eundem
854 1455 921 1496 esse
936 1444 1018 1517 patet
1031 1458 1070 1497 ex
1080 1437 1153 1522 ipsa.

106 1542 323 1604 vocabulorum
339 1538 465 1598 notione
486 1548 524 1597 et*
533 1535 712 1620 repetitione
730 1537 815 1598 vocis
837 1522 1030 1618 „yioioout.“
1072 1529 1165 1607 Fru-,¹

105 1652 165 1702 stra
179 1641 269 1718 igitur
283 1638 589 1717 Schweighaeuserus
611 1638 644 1698 in
656 1635 758 1699 indice
770 1648 928 1713 auctorum
939 1638 973 1703 id
984 1660 1019 1701 se
1031 1643 1148 1703 nescire

106 1745 261 1803 consessus
280 1752 333 1802 est.
376 1738 514 1801 Accedet
535 1751 637 1802 autem
659 1761 698 1800 ex
718 1739 783 1824 ipsa
799 1761 871 1823 mea
891 1743 1148 1823 commentatione

104 1855 315 1923 argumentum
327 1864 392 1902 non
405 1854 506 1903 tenue.
527 1841 608 1904 Nam
620 1838 736 1904 Athen.
744 1834 829 1907 XIV
827 1890 836 1922 ,
842 1865 873 1928 P·
884 1843 954 1907 650.
969 1865 995 1915 e.
1009 1840 1146 1928 ,,Πᾶμφ.

105 1941 141 2008 ἓν
170 1948 240 2019 τοῖς
267 1940 343 2023 περὶ
373 1943 537 2006 Γλωσσῶν
564 1941 624 2021 (ita
649 1955 730 2006 recte
760 1968 816 2030 pro
844 1937 1003 2027 Haioopg
1029 1948 1154 2033 scripsit¹

105 2043 304 2124 Schweigh.)
328 2065 357 2106 κ.
376 2037 490 2125 Ὀνομ.
518 2037 720 2126 „Romal-lc,
742 2043 861 2128 φησὶν,
897 2042 1000 2111 οέτιλου
1021 2042 1146 2128 γένοςιι,

104 2146 276 2225 Hesychius
297 2138 490 2227 ,,Ἐκιμηλλς·
510 2139 620 2226 πόρπη
643 2142 698 2208 καὶ
721 2140 823 2216 αἰτίου
847 2141 972 2229 γένοςιι.
1005 2148 1147 2214 Eandem

103 2270 170 2312 rem
188 2247 274 2309 idem
294 2248 475 2309 Athenaeus
497 2248 570 2308 alibi
584 2247 687 2330 paullo
706 2249 791 2311 aliter
809 2250 932 2335 protulit
951 2248 1012 2328 IH,
1035 2255 1086 2317 82.
1115 2253 1145 2316 d

102 2344 290 2435 ,-,Έτιιμηλλς
311 2345 346 2413 δὲ
374 2351 536 2425 καλεῖται,
558 2344 648 2430 φησὶ
670 2345 865 2441 Πάμφιλος,
894 2353 963 2421 τῶνΙ
984 2345 1162 2442 doloris

101 2450 227 2535 γένος“,
255 2453 366 2538 quibus
390 2453 424 2512 in
441 2449 553 2515 'tarbis
579 2449 954 2537 Epitomatorsubjthenaei
981 2457 1047 2520 τῶν
1074 2452 1154 2537 ςηξο

101 2548 210 2618 οἰκίων
218 2545 346 2634 ignorat,
367 2554 494 2617 notante
505 2550 683 2634 Schweigh.
700 2553 841 2617 Animm.
854 2553 894 2634 11,
915 2577 946 2640 p.
962 2555 1012 2619 54.
1042 2546 1144 2620 Athe-

101 2679 196 2719 naeus
215 2658 318 2734 igitur,
339 2657 393 2721 ubi
409 2654 583 2737 simul-,fibri
595 2656 717 2719 titulum
731 2659 928 2734 nominabat,
948 2661 1041 2720 verba
1055 2681 1144 2745 accu—
1165 2688 1196 2751 p

100 2759 192 2817 ratius
207 2756 316 2831 attulit,
338 2755 398 2816 nisi
411 2753 530 2816 duobus
551 2755 626 2818 locis
636 2757 813 2842 Pamphilus
829 2758 868 2820 de
881 2760 1023 2843 vocabuli
1040 2762 1144 2821 notio-

99 2879 141 2919 ne
154 2855 327 2941 disputavit.
371 2852 562 2940 Quocunque
581 2855 678 2920 modo
699 2856 732 2919 id
755 2857 972 2939 diiudicamus,
992 2862 1144 2925 habemus

98 2961 134 3022 in
152 2961 201 3021 his
220 2959 499 3042 interpretationem
520 2956 672 3044 Pamphili
691 2962 865 3046 propriam,
893 2983 952 3046 qua
969 2962 1022 3024 ille
1043 2963 1171 3040 ιιιιλί-1

98 3062 165 3147 qua
181 3061 357 3122 nominatus
369 3059 552 3140 amaeam
574 3063 626 3123 ea.
640 3058 748 3124 Galen.
774 3065 795 3125 1.
813 3065 876 3149 tp.
890 3062 963 3129 lea.
976 3075 1007 3128 et
1027 3065 1099 3130 ιιι.
1113 3052 1169 3130 a*

101 3163 276 3232 Schneider.
288 3164 322 3226 in
334 3161 394 3225 lex'.
415 3166 480 3227 ιτ.
498 3155 670 3245 turpati.
713 3164 879 3228 Notionem
900 3165 1037 3229 eiusdem
1048 3190 1144 3232 voca-

61 3347 64 3353 ·
99 3264 164 3325 buli
176 3266 215 3327 ab
227 3267 286 3327 hac
299 3265 436 3327 maxime
457 3265 609 3330 diversam
629 3266 820 3347 Phrynichus
833 3268 1018 3330 memoravit
1030 3269 1064 3328 in
1078 3269 1143 3331 Σο·
1187 3320 1191 3325 ,

101 3377 189 3449 φιστ.
204 3367 421 3448 Προιταρασκ.
438 3391 474 3453 p.
493 3373 541 3447 17,
549 3373 584 3431 -8Ι
605 3369 640 3430 in
650 3367 793 3430 Anecdd.
808 3367 906 3431 Bekk.
922 3367 947 3434 Ι.
962 3407 1000 3440 -,-
1022 3367 1141 3441 Athen,
1194 3354 1196 3361 ¹

99 3466 160 3544 IX,
173 3488 203 3551 p.
222 3471 293 3531 388.
311 3467 341 3531 d.
363 3460 614 3552 ·,,Ἀρτεμλσωρος
635 3467 671 3535 σὲ
693 3463 711 3534 ὁ
732 3465 1000 3554 Ἀριστοφάνειος.
1018 3467 1055 3535 ἐν
1071 3475 1142 3548 ταῖς

99 3565 379 3651 ἐπιγραφομέναις
404 3563 659 3653 Ὀψαρτυτικαῖς
685 3566 850 3655 γλῶσσαις
878 3569 935 3637 καὶ
962 3567 1142 3656 Πάμφιλος
1180 3600 1190 3619 ·-

100 3666 120 3734 ὁ
147 3665 372 3750 Ἀλεξανδρεὺς
407 3669 444 3737 ἐν
470 3677 541 3750 τοῖς
569 3670 644 3755 sept
668 3667 861 3755 Ὀνομάτων
889 3672 944 3738 καὶ
974 3677 1142 3760 Γλωσσῶν
1238 3740 1241 3747 ,

97 3767 288 3838 Ἐτιαλνιτον
307 3772 524 3855 παρατίθεται
543 3773 681 3858 λέγοντα
702 3771 738 3840 ἐν
759 3778 805 3864 τῷ
824 3770 1066 3859 Ὀψαρτυτικῷ,
1088 3771 1140 3851 ὅτι

98 3869 117 3940 ὁ
142 3868 309 3958 φασιανός
330 3866 426 3953 ὅροις
454 3873 597 3958 τατύρας
617 3880 791 3944 καλιῑται“.
814 3881 986 3962 Hesychius
1014 3873 1139 3957 „Tatti-

99 3999 161 4059 ρας
182 3971 202 4043 ti
224 3970 533 4062 permisisset
554 3981 652 4055 Huius
672 3982 758 4061 yocis
775 3979 926 4069 Persicae,
948 3983 1000 4043 cfr.
1019 3977 1137 4047 Albert.
