2534 4644
1100 257 1143 327 1⁸

100 435 233 501 eundem
252 430 491 522 reprehendunt,
513 440 547 494 ut
565 428 690 493 Florem
711 425 913 508 Christianus,
942 447 995 512 qm
985 422 1051 488 ad
1068 422 1142 488 Ari

99 541 199 632 stoph.
206 537 276 602 Pac.
283 560 313 602 v.
324 540 395 602 198.
409 557 508 621 neque
521 535 650 614 integras
663 531 890 614 esseHesychii
899 532 1031 612 glossas,
1044 549 1143 612 neque
1242 606 1244 610 Α

99 663 222 727 semper
240 615 303 702 lide
324 638 431 718 dignas
450 636 610 724 perhibuit.
649 631 771 747 Alpes
769 645 803 695 ut
822 631 948 696 Αιιιιιιι
956 629 1142 708 Berlrelium,

100 745 153 828 qui
171 741 220 804 ad
229 741 335 826 Steph.
340 739 477 823 Byzant.
500 758 537 806 ι.
549 727 668 819 'Aeolo
677 716 869 819 Hesychium
888 752 956 798 sese
978 735 1093 818 passim
1109 733 1144 796 in

100 843 284 931 oppidorum
314 843 372 904 situ
401 854 433 904 et
458 840 634 903 nominibus
670 838 844 928 imperitum
862 836 992 924 prodere
1018 828 1143 914 diherst,

100 944 313 1030 praetermitto.
354 943 488 1005 Festinat
502 943 586 1004 enim
600 939 641 1002 ad
653 937 827 1005 Bentleium
840 941 976 1018 animus,
999 938 1039 1001 de
1060 937 1143 1001 cuius

103 1047 258 1107 conatibus
277 1043 507 1107 Ruhnkenius
498 1068 530 1106 m
550 1043 738 1129 praefatione
753 1042 904 1125 Hesychii
928 1043 1027 1105 lexico
1055 1063 1143 1127 prae·

101 1148 209 1225 missa,
232 1145 323 1209 Tom.
337 1147 384 1226 Π,
405 1170 436 1232 p.
450 1147 511 1224 ΠΙ,
533 1146 606 1208 satis
631 1144 792 1224 magnifice
821 1156 852 1206 et
877 1147 1028 1225 eleganter
1039 1143 1143 1231 dispu-

100 1250 183 1312 tavit.
227 1247 314 1310 Audi
327 1251 429 1335 ipsum
444 1247 525 1327 „Ad
538 1248 618 1308 hanc
631 1268 698 1308 rem
710 1243 924 1332 proferendam
933 1244 1144 1308 demonstran-

101 1349 233 1436 damque
249 1373 332 1436 opus
354 1362 418 1412 erat
433 1349 522 1410 docta
542 1347 688 1410 Richardi
705 1347 837 1410 Bentleii
856 1345 996 1425 audacia,
1019 1369 1097 1433 quae
1117 1348 1144 1410 si

101 1473 236 1536 unquam
251 1454 342 1530 alias,
364 1452 415 1512 hic
432 1461 510 1513 certe
522 1451 611 1513 bonis
623 1451 715 1514 literis
730 1454 798 1536 plus
810 1450 937 1534 profuit,
960 1469 1052 1533 quam
1063 1450 1144 1511 iners

103 1563 134 1614 et
147 1553 351 1636 superstitiosa
362 1555 535 1631 multorum,
551 1552 602 1636 qui
615 1552 707 1614 critici
718 1552 777 1614 dici
788 1553 953 1636 haberique
965 1553 1083 1640 volunt,
1096 1572 1145 1612 re-

102 1654 186 1734 ligio.
229 1651 361 1733 Isigitur
380 1654 482 1717 servili
496 1654 675 1718 credulitatis
696 1657 767 1735 iugo
782 1675 926 1732 excusso,
948 1650 1044 1727 edidit
1061 1652 1145 1714 illam

102 1753 143 1815 ad
159 1753 187 1816 J.
202 1752 333 1838 Milliurn
352 1754 538 1842 Epistolam,
559 1759 697 1820 mirabile
716 1757 831 1836 ingenii
852 1767 883 1818 et
902 1753 1056 1817 doctrinae
1075 1775 1146 1817 mo-
1183 1819 1186 1824 Δ

102 1855 287 1937 nimentum,
309 1860 397 1942 quale
417 1859 568 1944 proficisci
586 1882 651 1921 non
671 1870 804 1945 poterat,
826 1858 886 1920 nisi
904 1878 921 1918 a
941 1856 1075 1941 principe
1095 1877 1145 1918 se-

103 1959 162 2020 culi
183 1958 231 2020 sui
253 1956 441 2022 Criticorum.
490 1959 528 2023 In
546 1962 604 2022 hac
626 1963 677 2024 ille
698 1963 825 2046 epistola
850 1944 920 2023 cum
946 1947 1005 2021 alia
1034 1957 1146 2038 docuit,

103 2080 181 2143 quae
202 2060 352 2144 plerisque
373 2060 496 2125 eruditis
514 2085 572 2124 nec
593 2064 786 2143 vigilantibus
805 2086 862 2126 nec
881 2061 1101 2126 somniantibus
1112 2061 1146 2122 in

103 2172 241 2241 mentem
258 2152 428 2240 venissent,
450 2174 517 2224 tum
535 2165 742 2246 Hesychium,
765 2164 813 2225 cui
831 2164 903 2226 satis
923 2163 1061 2225 diutruna
1074 2185 1147 2249 pec-

105 2274 241 2324 catorum
260 2261 424 2348 impunitas
446 2264 618 2345 obtigisset,
648 2266 689 2328 ad
708 2286 850 2329 severum
877 2264 991 2328 critices
1017 2265 1148 2327 tribunal

104 2364 215 2428 citavit.
257 2363 345 2427 Hanc
369 2378 472 2430 autem
491 2368 715 2432 accusationem
734 2377 817 2429 tanta
839 2366 872 2431 vi
893 2379 1146 2447 argumentorum,

103 2452 467 2532 tantiitestimcniorum
489 2471 584 2556 copiis
613 2469 767 2558 instruxit,
803 2479 836 2530 ut
863 2491 904 2531 ne
933 2472 1147 2532 obtrectatores

104 2567 227 2653 quidem
255 2570 335 2634 illius
358 2609 397 2618 —
421 2583 525 2634 contra
551 2573 670 2636 hiscere
698 2586 750 2635 aut
772 2573 920 2655 Hesychii
947 2569 1147 2656 patrocinium

103 2672 256 2795 suscipere
279 2670 463 2735 auderent.“
511 2672 561 2735 Ac
581 2677 716 2759 profecto
736 2674 958 2738 acerbissime
949 2697 981 2735 m
1001 2670 1148 2755 Hesychii

50 2801 53 2806 ·
104 2765 420 2861 pec‘catttssmtleius
410 2785 547 2836 invectus
571 2787 626 2838 est.
669 2776 749 2838 Nam
768 2798 859 2861 saepe
879 2775 1009 2859 loquitur
1030 2771 1070 2833 de
1088 2790 1148 2834 ro·

106 2870 220 2935 cabulis
241 2854 374 2956 dndique
394 2873 535 2952 corrasis,
559 2873 598 2935 de
620 2870 903 2959 ὄνοματοθήραις,
924 2874 963 2937 de
982 2871 1149 2934 conniven-

104 2976 185 3039 tibus
204 2975 357 3060 scriptoris
376 2975 487 3062 oculis,
516 2976 555 3038 de
576 2970 727 3079 pudendis
747 2979 912 3056 erroribus,
934 2976 1043 3060 hisque
1062 2983 1093 3035 et
1104 2995 1148 3036 ιι

103 3079 227 3141 milibus
249 3077 339 3139 utitur
363 3077 517 3142 conviciis.
565 3079 672 3164 Neque
698 3091 803 3142 tamen
828 3087 1026 3157 verum-cst,
1065 3073 1149 3160 quod

103 3179 305 3243 Ruhnkenius
336 3180 392 3260 ait,
426 3202 536 3244 omnes
568 3203 629 3243 uno
657 3203 711 3245 ore
739 3183 949 3247 assensionem
974 3178 1148 3267 praebuisse

104 3281 255 3345 Bentleio.
306 3280 390 3344 Unus
412 3295 514 3346 autem
531 3305 603 3369 prae
626 3285 745 3364 ceteris,
773 3283 905 3348 Bentleii
925 3280 1057 3359 emittm,
1084 3278 1148 3340 Lu-

107 3382 235 3468 dolphus
266 3382 416 3447 Kusterus
443 3385 574 3448 eandem
602 3384 892 3472 iniitcupidissime
912 3383 1013 3462 viam,
1048 3389 1093 3458 et,
1121 3379 1149 3443 si

105 3483 261 3548 Bentleius
275 3508 347 3550 eum
367 3498 531 3566 „autorem
546 3487 656 3567 exigua
668 3485 746 3567 fide,
755 3488 774 3519 “
795 3486 835 3549 ad
848 3483 1024 3554 Callimachi
1039 3485 1147 3561 fragm·

106 3609 137 3672 p.
178 3585 251 3650 358.
294 3589 529 3669 nominaverat,
582 3611 682 3674 neque
725 3592 792 3675 plue
834 3572 949 3654 habere
988 3583 1148 3661 momenti,

105 3709 199 3775 quam
213 3685 401 3754 Clementem
422 3693 689 3778 etl‘orphyrium,
718 3691 861 3756 homines
887 3688 989 3753 multis
1014 3685 1148 3772 partibus

105 3791 158 3854 illo
185 3788 352 3869 doctiores,
381 3793 431 3878 (p.
454 3792 527 3859 425.
547 3795 596 3858 ed.
614 3795 696 3881 Lips.
719 3793 870 3883 Opusec.)
899 3791 1049 3866 edixerat,
1077 3785 1148 3848 Ku-
1176 3783 1178 3788 ’

106 3903 201 3956 sterus
220 3893 252 3958 ιιι
276 3894 358 3954 ιιιιιιι
380 3893 509 3958 modum
528 3897 567 3961 de
593 3897 807 3983 lexicographo
828 3895 973 3981 loquitur,
1002 3889 1043 3953 ad
1061 3885 1147 3952 Suid.

105 3993 145 4060 Τ.
157 3995 196 4060 ΙΙ.
210 4018 241 4083 p.
255 3999 327 4062 361.
348 3991 455 4076 „Quis
477 3998 562 4066 enim
580 4001 691 4082 nescit,
714 3997 954 4067 Grammaticum
972 3995 1065 4064 istum
1078 3994 1147 4079 plu-
