2534 4644
981 250 1167 368 ‘roo-

67 494 78 503 ·
101 469 236 552 ,,ίάοιον
254 469 345 556 ὕφος
365 467 404 535 τό
427 465 540 535 ducti-‘⁴
567 471 641 533 Lex.
661 467 750 532 Phot.
770 490 801 554 p.
814 469 892 546 588,
917 469 966 534 15.
987 468 1037 534 ed.
1050 470 1135 536 Pors.

102 576 141 637 de
166 596 244 639 voce
270 568 435 652 τεντοίζειν
476 570 558 651 ,,ααί
589 567 828 654 Ἀρτεμίδωρος
859 564 897 635 td
931 571 1136 653 φροντίζειν*

101 678 235 758 Hesych.
258 667 446 753 „Tevro'cgrr‘
472 676 638 753 σκεναρεῖ,
658 666 826 754 ἡσυχάζει,
850 670 1023 757 διατρίβει·
1046 674 1080 740 οί
1101 672 1137 742 di

102 777 298 860 φροντίζει.“
340 775 375 837 In
400 774 503 836 schot
526 773 566 837 ad
582 772 741 858 Aristoph.
756 770 872 859 Vespp.
892 774 983 839 1164.
1005 775 1044 838 de
1060 800 1139 842 voce

102 873 422 959 ,,διασαίαιιώνισον·
458 873 566 941 ἔοικεν
597 872 818 958 ἐμφαίνεσθαι
850 877 896 960 τῷ
928 869 1067 961 ὀνόματι
1101 878 1138 948 ro·

105 973 406 1054 οαλαιιωνεύεσθαι,
434 973 581 1042 τουτέστι
601 971 639 1043 td
661 970 813 1040 σαλεύειν
832 971 892 1041 τὸν
912 976 1081 1060 πρωκτόν·
1103 981 1140 1048 to

104 1097 169 1148 τισι
189 1079 249 1165 μὲν
270 1074 508 1148 διαίντώνισον
530 1073 596 1144 tut
623 1073 797 1153 Λύκωνος·
825 1073 862 1142 ἐν
884 1074 920 1143 δὲ
940 1084 982 1166 τῇ
988 1079 1139 1170 1Ἀρτεμιέ
1233 1114 1237 1121 «

105 1180 217 1266 δοίρον
240 1184 416 1266 σ’νναγωγῇ
443 1175 705 1246 διαίαιιοίνιοονιι
726 1190 793 1241 cett.
840 1177 973 1245 Florenti
996 1184 1140 1251 Christia-

103 1308 146 1348 no
167 1299 197 1349 et
215 1286 360 1367 Berglero
379 1282 419 1345 ad
438 1278 601 1358 Λάκωνας
620 1281 757 1345 allusisse
774 1279 996 1368 Aristophanes
1012 1289 1139 1371 videtur,

105 1391 157 1450 clr.
171 1387 273 1472 Intptt
292 1385 332 1449 ad
346 1387 366 1446 l.
380 1387 417 1462 1.,
439 1384 530 1469 idque
541 1388 609 1446 luce
626 1386 699 1459 solis
719 1384 848 1470 apertius
867 1396 913 1447 est
923 1388 1056 1451 voluisse
1067 1385 1141 1454 ‘Ar-

104 1487 306 1564 temidorum‚
324 1487 505 1549 etsiverum
523 1487 577 1565 sit,
600 1485 682 1572 quod
696 1485 846 1566 Reisigius
869 1488 1035 1569 contendit,
1059 1491 1143 1555 Com

106 1589 175 1651 iect.
198 1588 238 1650 ad
260 1586 418 1673 Aristoph„
439 1606 470 1674 p.
490 1588 540 1653 53.
569 1581 832 1681 ,diffunduntur
854 1599 884 1650 et
903 1587 1143 1658 διαλανοίνισον
1248 1624 1256 1637 =

107 1691 183 1752 nihil
202 1710 283 1767 esse,
316 1691 374 1752 nisi
399 1688 549 1753 scribendi
571 1689 930 1774 peccatalibrariorum.“
972 1691 1037 1754 Vix
1061 1695 1144 1758 enim
1257 1728 1261 1735 ·

108 1789 296 1853 contenderit
322 1791 489 1872 Reisigius,
516 1788 747 1853 Artemidorum
771 1791 873 1876 ipsum
899 1791 1144 1864 dtaloxor'vteov

107 1892 236 1956 scribere
253 1914 318 1954 non
338 1894 486 1970 voluisse,
507 1891 622 1978 quoda
637 1886 898 1979 verisimilitudine
915 1896 1006 1959 nimis
1021 1901 1143 1966 recedit.

108 1994 302 2079 Comparatio
326 1994 513 2074 Hesychiani
539 1996 628 2056 lexici
653 1993 775 2056 doceret
796 1996 912 2079 optime
938 2000 1058 2078 omnia,
1085 2005 1144 2066 nisi

109 2115 230 2157 summa
243 2096 431 2179 corruptione
445 2095 534 2156 huius
551 2097 613 2157 loci
628 2098 784 2157 laboraret.
827 2096 964 2163 Primum
979 2103 1144 2168 enimdeo:
1250 2110 1256 2119 ·

111 2191 297 2260 οανιώνισον
315 2197 460 2281 scripturn
472 2209 534 2274 est,
562 2196 644 2282 quod
655 2193 827 2282 quanquam
841 2199 998 2278 ingeniose
1012 2201 1051 2264 Is.
1061 2203 1145 2268 Vos-

111 2299 188 2376 sius,
216 2297 256 2360 ad
277 2301 410 2378 glossam
437 2300 673 2381 ,,σαιιιωνῆσαι·
699 2297 987 2382 ὅιασαιαωνῆσαιίί.
1005 2325 1053 2389 ap.
1070 2305 1144 2371 Alb.

110 2398 150 2478 Π,
174 2402 264 2478 1138,
284 2399 477 2483 provocavit,
500 2397 582 2460 haud
602 2397 693 2461 dubie
705 2412 877 2486 corruptum
889 2409 957 2464 est.'
985 2403 1147 2492 Repugnat
1177 2444 1187 2469 ι

111 2503 195 2564 enim
207 2504 293 2566 vocis
304 2499 523 2584 interpretatio,
546 2521 603 2584 qua
621 2522 683 2562 non
697 2501 756 2563 nisi
775 2501 814 2564 de
828 2502 978 2567 Salacone
993 2518 1023 2568 et
1038 2510 1146 2572 simili-

110 2605 169 2668 bus
180 2605 353 2689 exponitur,
375 2600 563 2692 acceditque,
585 2599 668 2685 quod
687 2600 797 2687 eadem
815 2605 932 2668 ratione
946 2620 1053 2692 postea
1072 2610 1149 2675 dici-

111 2717 159 2765 tur
179 2702 440 2781 ,‚ortaxootoor“
461 2725 515 2787 pro
537 2705 834 2780 ,,σαλακωνεῦσαι.“
872 2706 1002 2788 Deinde,
1024 2724 1057 2772 ut
1067 2737 1149 2778 nunc

113 2785 262 2866 incodice
277 2804 420 2886 scriptum
438 2813 500 2878 est,
521 2801 640 2863 duobus
661 2803 736 2864 locis
756 2802 917 2870 decadem
935 2830 1013 2873 voce
1031 2816 1149 2892 glosso-

114 2906 244 2989 graphus
264 2904 402 2986 loquitur.
445 2901 605 2965 Intercedit
623 2903 706 2963 enim
726 2926 790 2967 vox
815 2904 1008 2993 ,,διασοίτηρ·
1031 2913 1149 2982 deord-
1257 2996 1260 3001 ¹

114 3007 182 3085 ζειν
209 3001 381 3081 Λάκωνες,
414 3016 469 3089 pro
505 3004 613 3088 quibus
644 3004 785 3068 Musurus
815 3007 996 3090 διαπαίζειν
1024 3020 1148 3105 scripsit.

114 3106 229 3171 Sedes
243 3129 337 3192 quum
351 3108 389 3170 sit
404 3108 470 3192 ipsa
484 3117 585 3168 contra
608 3108 773 3170 litterarum
791 3109 930 3174 ordinem
948 3115 999 3176 hic
1016 3118 1153 3206 interpffi

114 3211 180 3288 sita,
201 3221 232 3272 et
244 3209 371 3270 minime
384 3206 570 3287 seiungenda
583 3211 773 3293 separaverit,
795 3233 902 3298 neque,
922 3216 949 3289 si
961 3218 1034 3300 quid
1047 3222 1149 3302 video,

116 3314 178 3397 apti
189 3323 219 3373 et
236 3312 431 3375 consentanei
450 3308 563 3392 aliquid
584 3311 751 3375 contineat:
781 3335 851 3375 cum
868 3317 990 3400 reliquis
1009 3324 1151 3388 omnibus

116 3413 194 3475 mihi
206 3412 328 3496 quidem
343 3400 552 3490 coniungenda
565 3411 674 3472 iterum
685 3411 812 3476 videtur.
849 3414 1047 3482 casaubonus
1060 3426 1151 3507 enim,

117 3515 170 3600 qui
185 3512 258 3576 inde
277 3515 403 3594 colligit,
426 3510 603 3594 Satyrorum
624 3535 739 3575 nomen
756 3518 911 3602 proprium
927 3518 1046 3585 Dorum
1065 3527 1151 3591 initio

118 3616 226 3691 fuisse,
257 3616 327 3697 quia
352 3610 454 3696 οᾶταρ
476 3627 527 3677 aut
548 3609 649 3696 σοίτηρ
675 3617 709 3676 in
735 3618 856 3680 illorum
882 3620 1009 3684 dialecto
1038 3624 1153 3696 ludere

118 3717 329 3797 significasset,
351 3714 390 3776 de
408 3717 505 3798 Satyr.
521 3716 610 3802 poe‘si
629 3740 658 3803 p.
681 3715 720 3782 41
744 3740 807 3803 seq.
830 3720 878 3782 ed.
900 3721 1029 3789 Ramb.:
1050 3730 1088 3790 in·
1104 3734 1152 3796 his

118 3818 277 3883 audaciam
294 3814 409 3903 prodit,
435 3840 497 3879 non
519 3819 711 3898 irnitsndam3
739 3830 769 3882 et
787 3832 819 3881 ut
838 3821 967 3903 dicam,
981 3830 1063 3911 quod
1082 3853 1153 3894 sen.

118 3924 178 3999 tio,
206 3924 275 3982 loco
296 3922 424 3996 abusus,
446 3941 507 3981 non
528 3920 658 3984 debebat
680 3921 815 3984 virormn
835 3922 993 3990 doctorum
1014 3928 1154 4015 plausum

119 4027 176 4086 hac
190 4022 303 4085 infelici
317 4021 485 4083 coniectura
503 4043 557 4084 sua
576 4025 715 4087 nancisci.
759 4023 863 4110 Atque
873 4029 1017 4093 Heinsius
1030 4034 1154 4116 quidem
