2534 4644
107 503 170 552 non
184 486 339 567 mirabitur
356 486 383 548 si
403 484 493 546 huius
516 481 657 546 vocabuli
675 503 715 543 ne
734 479 897 545 minimum
916 478 1039 563 quidem
1053 479 1147 541 vesti-

106 593 189 672 gium
213 576 249 651 in
265 582 463 671 Hesychiano
485 585 583 648 lexico
613 583 749 645 cernitur.
799 581 850 647 Ac
873 583 1003 643 multum
1029 603 1146 659 vereor,

104 716 144 756 ne
157 693 191 755 id
205 695 269 754 iure
284 690 350 752 fieri
362 699 502 774 nequeat.
534 687 656 748 Etenim
668 683 786 747 Atticas
800 686 916 762 glossas
928 705 1040 763 magno
1054 683 1146 746 Pam-
1256 740 1260 749 ,

104 798 180 880 phili
196 815 287 879 opere
302 793 395 853 fuisse
411 792 658 873 comprehensas,
682 810 752 849 curn
766 788 860 849 multa
872 784 999 863 docent,
1020 797 1087 847 tum
1099 786 1146 848 ni-

105 900 150 959 hil
161 897 357 982 praeclarius,
380 915 471 978 quarn
490 891 572 976 quod
590 889 749 952 Theodori
761 887 864 950 Attica
877 891 1026 952 vocabtda
1046 891 1085 951 ab
1107 908 1145 950 eo

105 1010 224 1083 recepta
242 999 350 1074 fuisse,
374 1018 412 1058 ex
432 993 614 1070 Athenaeo,
636 991 719 1069 XV,
742 997 818 1070 677,
841 994 871 1054 b.
894 989 1047 1054 discimus.
1089 991 1145 1055 Ni-

105 1102 149 1163 hil
160 1102 250 1180 igitur
261 1108 397 1183 superest
407 1098 511 1174 nobis,
533 1117 625 1180 quarn
639 1106 672 1155 ut
683 1095 763 1155 hanc
776 1116 896 1179 quoque
908 1115 1020 1158 vocem
1033 1095 1065 1156 in
1079 1096 1145 1157 He-

105 1204 210 1284 sychio
225 1200 429 1286 quaerendam
449 1210 615 1262 statuamus
627 1219 705 1260 esse.
747 1194 793 1257 At
804 1218 868 1257 non
879 1196 1038 1263 invenittu.
1081 1197 1145 1259 Ne-

104 1327 163 1390 que
179 1303 410 1366 Casauboniana
429 1303 573 1385 scriptura
595 1296 734 1376 ,50va
755 1319 847 1382 quam
862 1296 1145 1376 Schweighaeuseri

105 1405 225 1466 codices
245 1425 309 1465 non
331 1414 513 1483 agnoscunt,
547 1425 581 1464 ac
602 1414 755 1486 praeterea
778 1402 855 1461 nihil
876 1400 1085 1477 cmmnendat,
1112 1402 1146 1464 in

103 1507 260 1587 Hesychio
276 1516 381 1582 exstat,
404 1507 455 1565 cfr.
471 1503 648 1582 Schweigh.
663 1501 802 1565 Animm.
818 1502 951 1580 vol.‘Vl,
959 1524 990 1587 p.
1004 1503 1068 1567 252
1082 1525 1143 1588 seq.

105 1607 209 1685 Quare
235 1606 391 1691 equidem,
413 1617 569 1689 utramque
593 1627 704 1668 vocem
718 1599 831 1681 ’Όλλιξ
852 1617 883 1667 et
894 1600 1014 1682 Ὄννξ,
1036 1608 1146 1669 falsam

105 1732 173 1773 esse
188 1722 218 1771 et
229 1704 395 1781 Ὁλκαῖον,
407 1711 458 1770 vel
474 1702 614 1771 ‘'Olurov
628 1708 690 1786 legi
712 1707 824 1769 dehere
835 1709 979 1792 suspicor.
1001 1707 1051 1770 De
1067 1730 1145 1770 voce

101 1805 255 1875 Ὁλκαῖον
275 1812 463 1892 Hesychius:
485 1806 640 1892 ,,λεκόνη,
661 1804 796 1891 νιπτηρ,
818 1805 975 1891 κρατηρ.“
1017 1811 1068 1874 De
1086 1833 1144 1875 vo-

104 1908 297 1977 οοὍλκιον·
319 1907 419 1995 μέγας
440 1908 581 1995 κρατὴρ,
603 1907 735 1990 λοοτὴρ.
767 1907 951 1998 Quanquam
964 1914 1047 1977 enim
1059 1912 1144 1975 Pho-

57 2025 59 2029 '
103 2016 137 2075 tii
157 2017 278 2075 lexicon
299 2008 467 2091 ,,όλκεῖον·
496 2014 639 2096 χαλκοῦς
660 2007 772 2094 λέβης,
801 2009 1015 2095 τρεῖςπόδας
1039 2011 1143 2098 dread

103 2118 197 2178 habet
215 2126 247 2177 et
261 2116 337 2177 itaa
358 2118 459 2196 ligneo
476 2118 587 2200 poculo
608 2136 666 2176 nos
686 2126 838 2177 removet:
867 2127 937 2178 sunt
956 2127 1059 2179 tamen
1083 2117 1144 2198 alii,

103 2229 136 2278 ut
162 2216 288 2295 Pollux,
308 2216 361 2295 X,
386 2215 462 2296 134,
492 2209 659 2301 quidinde
682 2217 812 2307 explicat
830 2238 909 2280 voce
932 2212 1090 2298 πηδάλια,
1113 2229 1144 2281 et
1217 2212 1226 2220 ’

62 2336 66 2344 ’
103 2318 291 2400 Hesychius,
318 2320 371 2402 'qui
392 2320 435 2380 ait
462 2313 595 2395 ,,ὁλκολ·
626 2316 661 2381 αλ
681 2315 839 2401 μηχαναὶ,
872 2316 920 2395 δι,
943 2307 1049 2382 οἷνάλ
1069 2323 1144 2401 νῆες

102 2423 362 2496 νεωλκοῦντατ,“
383 2424 435 2506 qui
450 2444 489 2485 eo
510 2444 568 2484 nos
586 2419 741 2482 reducunt.
784 2418 954 2482 Deducitur
976 2422 1144 2493 enim-,vox

103 2526 229 2587 averbo
248 2519 330 2588 ἕλκω
353 2535 384 2587 et
402 2527 480 2586 nihil
497 2525 646 2604 continet,
668 2522 752 2607 quod
771 2523 811 2585 ad
830 2524 989 2585 materiam
1009 2527 1144 2587 reseren-

102 2624 176 2687 dum
189 2627 243 2704 sit,
266 2631 318 2688 cfr.
335 2626 511 2690 Schneider.
524 2628 556 2688 in
568 2629 631 2689 lex:
652 2622 758 2692 Graec.
773 2646 798 2687 s.
810 2646 841 2687 v.
863 2619 1008 2689 ὁλκαῖον.
1050 2626 1144 2690 Diffi.

103 2729 197 2787 cultas
221 2729 278 2788 aha
305 2729 396 2791 simul
415 2732 536 2791 tollitur.
588 2725 751 2806 Quaeritur
777 2727 876 2803 enim,
907 2749 958 2788 cur
986 2721 1144 2795 Ὁλκαῖον

101 2825 282 2889 Athenaeus
298 2831 463 2908 omisisset,
485 2830 537 2914 qui
554 2851 623 2891 eam
635 2849 746 2892 vocem
759 2830 839 2889 bene
853 2841 982 2892 noverat
1000 2843 1031 2893 et
1043 2833 1091 2897 bis
1104 2854 1144 2897 ex

101 2927 239 3013 Epigono
261 2925 371 3008 attulit,
392 2955 422 3016 p.
446 2930 524 3007 472,
547 2952 565 2991 a
587 2941 619 2991 et
638 2928 710 2994 480.
732 2931 763 2992 b.
805 2928 902 3014 quue
921 2932 1022 3017 ipsum
1039 2935 1143 3021 poculi

81 3054 196 3114 ‘genus
211 3034 292 3120 apud
304 3034 461 3097 Pollucem
483 3034 626 3112 legimus,
648 3031 709 3110 Vl,
731 3037 783 3096 99.
826 3031 873 3095 At
891 3034 933 3096 ita
953 3058 1074 3122 quoque
1092 3038 1142 3101 iu-

100 3148 182 3200 stum
192 3140 413 3200 elementorum
427 3134 566 3197 ordinem
578 3157 643 3197 non
655 3136 849 3199 restituimus.
972 3194 976 3201 .
1089 3198 1093 3203 .

68 3275 71 3280 ·
186 3239 326 3325 Sequitur
347 3237 464 3300 Athen.
485 3259 514 3321 p.
537 3235 613 3313 495,
641 3259 659 3298 a
681 3232 880 3319 ,,Πρόαρον·
902 3235 1029 3322 κρατήρ
1052 3237 1141 3317 ξόλι-

100 3361 175 3416 νος,
204 3340 249 3416 εἰς
276 3335 317 3405 ὃν
346 3334 406 3405 τόν
427 3333 522 3403 οἶνον
543 3341 697 3418 κιρνᾶσιν
719 3338 756 3431 ολ
775 3334 916 3405 Ἀττικοὶ
937 3340 1082 3417 ,κοίλοις
1105 3339 1142 3407 ἐν

100 3438 279 3522 προάροις(
308 3440 391 3528 φησὶ
414 3436 621 3524 Πόμφιλος.“
669 3440 786 3506 Othitia
810 3445 990 3528 poculorum
1021 3465 1140 3525 genera,

100 3567 178 3631 quae
199 3568 216 3607 a
236 3566 261 3609 π
280 3556 467 3609 consonante
485 3546 649 3630 incipiunt,
675 3545 718 3608 ita
737 3543 880 3630 deinceps
906 3546 1044 3629 exposita
1073 3560 1142 3608 sunt
1218 3626 1224 3631 ι

100 3643 388 3730 ,,παναθηναϊκόν,
417 3642 584 3730 πρόαρον,
614 3646 759 3723 πελίκαι,
792 3643 908 3721 πόλλα,
943 3643 1141 3724 πενταπλόα,
1210 3656 1243 3679 ”’“

98 3745 273 3831 πέταχνον,
291 3749 469 3834 πλημοχόη,
489 3749 627 3832 πρίστις,
652 3745 827 3832 προχύτης,
844 3744 1028 3828 προνοιολς“
1052 3773 1141 3837 prae-

99 3863 145 3913 ter
162 3843 314 3928 πρόαρον
333 3863 468 3914 accurate
484 3875 525 3916 ex
546 3857 710 3917 litterarum
731 3852 848 3915 ordine.
884 3850 935 3947 'lia
955 3864 1058 3932 autem
1077 3875 1140 3915 vox

98 3954 131 4014 in
155 3952 304 4032 Hesychii
328 3954 427 4015 lexico
457 3957 564 4019 frustra
593 3957 758 4042 quaeritur3
803 3952 900 4040 quid?
943 3953 1027 4038 quod
1059 3965 1140 4023 recte

100 4052 407 4136 Schweighaeuserus
428 4057 536 4135 ,huius
556 4059 716 4122 νοοαλκιλλι
738 4057 779 4119 ait
800 4056 833 4119 in
845 4053 986 4121 Auitum.
1006 4059 1068 4120 vol.
1084 4056 1139 4134 Vl,
