2534 4644
109 452 138 539 ἡ·
152 452 187 520 δὲ
210 449 338 536 σπονδή
363 449 506 516 ἐκαλεῖτο
529 440 745 537 ὒίυιστήρια“
789 451 878 531 Quae
898 452 976 514 inter
989 461 1166 549 utrumque

109 559 141 622 in
155 559 280 638 singulis
293 555 394 620 verbis
414 553 583 616 differentia
597 567 659 632 est,
681 577 719 618 ea
733 554 866 619 ostendit
882 567 997 639 aperte,
1023 576 1166 638 quomo-

110 660 150 723 do
165 660 345 721 Athenaeus
366 655 398 714 in
415 654 568 717 afferenda
582 656 761 741 scriptorum
774 658 921 719 sententia
936 667 1077 719 versatus
1093 660 1166 719 sue-

108 764 154 825 rit.
198 761 237 822 Ut
257 758 360 820 omnia
381 757 598 837 intelligantur,
621 760 791 819 conseratur
814 759 984 839 Hesychius
1000 779 1027 819 s·
1051 779 1087 820 v.
1107 752 1166 822 ‘Ir-

110 858 254 946 ρόβατον
282 854 401 924 κόνον·
438 850 611 932 Λάκωνες·
648 854 689 923 ὅν
722 880 809 935 τινες
840 863 966 941 μᾶλλον
998 853 1165 938 σκόλλυν,

109 967 162 1029 ubi
174 976 255 1027 recte
269 963 419 1041 corrigunt
441 955 591 1041 ,μαλλδν
610 955 634 1043 ἢ
651 955 814 1025 σκόλλυν(
837 973 867 1022 et
879 983 904 1023 s.
920 982 951 1024 v.
974 960 1164 1040 ,,Μαλλός·

108 1062 147 1133 τό
175 1063 266 1149 ἔριον
292 1060 349 1128 καί
376 1057 397 1146 ἡ
426 1058 605 1145 καθειμένη
626 1058 712 1147 κόμη
733 1059 817 1127 -ὁ
849 1058 959 1146 κε’κριξ
979 1061 1039 1128 καὶ
1063 1061 1164 1131 σκόλ-

110 1173 196 1244 tw
219 1179 249 1230 et
270 1189 294 1230 s.
312 1189 343 1229 v.
366 1158 569 1239 ,,Σκόλλνρ“
592 1176 622 1225 et
641 1166 713 1227 alibi
729 1203 768 1213 -
791 1163 908 1227 Athen.
928 1167 970 1228 ib.
984 1186 1017 1250 p.
1031 1164 1115 1246 496,
1138 1190 1165 1234 a.

109 1265 314 1354 ,τιλημοχόρ
350 1268 468 1341 σκεῦος
505 1267 689 1346 κεραμεοῦν
726 1266 926 1348 βεμβικῶδες
955 1261 1104 1346 ἑδραῖον
1134 1265 1165 1351 ἡ·

110 1376 211 1456 σνχῇ·
236 1366 256 1435 ὃ
276 1367 471 1434 κοτυλίσκον
490 1362 571 1430 ἔνιοι
588 1364 903 1449 προςαγορεύονσιν,
928 1363 1022 1451 alep.
1038 1365 1164 1454 Πάμφ.

109 1478 253 1559 χρῶνται
275 1468 310 1535 δὲ
334 1464 424 1552 αὐτῷ
446 1466 481 1532 ἐν
499 1464 659 1532 Ἐλευσῖνι
687 1472 727 1552 τῇ
750 1469 917 1556 τελευταίᾳ
943 1472 1014 1535 τοῖν
1035 1486 1165 1556 μυστρ

110 1578 218 1660 ρίωνί(
248 1575 382 1653 Hesych.
413 1565 613 1652 „Hiquoxdq
634 1604 676 1615 -
696 1573 737 1652 τῇ
767 1566 922 1655 ὑστεραίᾳ
953 1565 1067 1656 ἡμέρᾳ
1096 1577 1166 1640 τοῖν

108 1675 298 1759 μυστηρίων
319 1668 535 1746 κοτυλίσκους
559 1673 755 1753 πληροῦσιν,
785 1669 846 1749 οὒς
867 1676 1007 1737 καλοῦσι
1030 1679 1164 1760 πλημο-

108 1774 216 1861 χόας<ί
237 1809 278 1821 -
301 1772 377 1835 Ath.
391 1773 437 1835 lb.
451 1775 523 1850 502,
547 1775 576 1833 b.
599 1773 809 1854 ,,φιλοτηοία·
832 1771 925 1852 κύλιξ
946 1796 1005 1853 τις,
1027 1772 1080 1859 ἣν
1106 1801 1164 1845 κσ-

108 1879 148 1944 τοὶ
170 1877 285 1962 φιλίαν
305 1869 521 1955 enodantur,
546 1867 590 1949 ὥς
612 1896 646 1956 φ.
673 1873 807 1958 Πάμφ.“
837 1877 970 1958 Hesych.
997 1883 1163 1966 „tptlorq

30 2042 33 2049 ,
109 1982 180 2047 σία·
202 1975 365 2060 πρότασίς
386 1999 434 2051 τις
457 1970 538 2057 perd
560 1971 597 2053 τὸ
621 1975 757 2041 δεῖπνον
777 1975 859 2060 ὑπὲρ
883 1977 1029 2061 φιλίας.“

189 2078 282 2162 Quae
304 2079 428 2165 quidem
448 2101 541 2143 rores
564 2096 671 2142 omnes
696 2103 790 2166 quum
809 2084 923 2143 nullam
942 2079 1162 2149 difficultatem

107 2194 268 2260 moveant,
290 2183 356 2244 aliis
369 2182 466 2261 magis
483 2181 676 2266 impedimur.
719 2182 769 2244 Ac
785 2185 917 2268 primum
935 2182 1067 2266 quidem
1083 2210 1162 2273 quo.

108 2288 192 2348 niam
219 2286 250 2345 in
270 2286 449 2368 poculormn
473 2285 649 2346 nominibus
674 2285 886 2348 enumerandis
912 2307 1097 2370 versamur,
1125 2314 1160 2356 ea

108 2387 268 2463 adeamus,
297 2407 374 2468 quae
397 2407 436 2447 ex
456 2406 562 2447 eurum
584 2407 712 2447 numero
734 2386 814 2470 apud
832 2389 1023 2468 Hesychium
1044 2396 1160 2459 trustra

102 2480 296 2572 quaeruntur.
347 2485 412 2546 Sed
432 2487 561 2571 praefari
584 2508 695 2571 pauca,
723 2509 741 2548 e
767 2509 799 2548 re
827 2489 882 2549 erit
906 2502 1019 2552 nostra.
1076 2497 1159 2563 Nam

106 2587 261 2650 Athenaei
284 2585 569 2667 δειπνοσοφιστῶν
588 2589 665 2650 liber
690 2576 874 2653 undectnus'
895 2595 959 2654 fere
985 2616 1093 2681 usque
1119 2601 1159 2665 ad

75 2720 83 2727 ·
105 2692 201 2752 linem
219 2687 370 2751 Plutarchi
390 2687 546 2751 cuiusdam
567 2690 789 2754 enarrationem
810 2691 849 2754 de
870 2696 986 2779 puerilis
1010 2719 1159 2789 compre.

106 2792 228 2871 hendit‚
248 2814 279 2877 p.
299 2790 361 2855 460
377 2802 401 2839 »ἕ
432 2790 509 2870 504,
539 2814 667 2876 quorum
689 2816 794 2857 caussa
812 2808 929 2859 mature
948 2815 1159 2891 prompteque

107 2896 287 2959 convenisse
308 2915 376 2956 sese
399 2894 547 2956 convivae
569 2896 755 2959 confitentur.
799 2897 974 2962 Praemissis
992 2901 1092 2976 igitur
1110 2930 1159 2972 re.

105 2997 332 3061 bus'uonnullis
351 2996 427 3058 scitu
447 2994 645 3074 dignissimis,
666 3003 844 3083 poculorum
862 3001 944 3069 varia
965 2999 1103 3065 nomina
1120 3028 1159 3073 01

104 3101 269 3162 litterarum
283 3097 359 3159 serie
373 3099 577 3176 enumeravit,
598 3122 629 3184 p.
652 3105 715 3166 782
736 3124 818 3185 seqq.
859 3098 926 3160 Iam
948 3117 1044 3180 quum
1069 3110 1157 3192 apud

104 3212 222 3266 veteres
235 3202 399 3263 litterarum
419 3200 510 3262 series
525 3199 651 3265 dirersis
666 3202 767 3266 modis
779 3210 931 3278 tractetur,
954 3198 1019 3261 aliis
1031 3207 1156 3284 prim„
1195 3268 1201 3275 ,

104 3314 221 3369 tantum
233 3301 345 3364 litteras
360 3302 605 3382 obsewantibus,
628 3305 693 3367 aliis
706 3301 853 3367 secundas
867 3323 986 3386 quoque
1000 3314 1030 3364 et
1043 3313 1155 3379 tenta„

104 3415 322 3488 sequentesque
349 3427 413 3466 non
440 3394 675 3486 negti'genfibus3
705 3425 796 3487 quam
816 3402 995 3466 Athenaeus
1023 3425 1155 3479 secutus

104 3507 143 3570 sit
167 3507 332 3583 rationem,
360 3508 517 3590 quaeritur.
569 3506 671 3586 Quam
698 3504 821 3588 quidem
840 3506 1067 3592 quaestionem,
1101 3517 1155 3600 qui

103 3611 248 3672 hactenus
262 3631 328 3671 rem
339 3609 514 3687 tetigerunt,
535 3631 575 3671 ne
587 3620 807 3694 proposuerunt
822 3609 961 3694 quidem3
982 3620 1017 3669 ut
1035 3617 1155 3681 verini.

103 3712 176 3772 mile
194 3723 254 3786 est,
276 3711 344 3793 quia
363 3711 510 3794 exemplis
531 3707 711 3794 quibusdam
730 3712 855 3790 unbati,
876 3713 989 3797 primas
1008 3723 1154 3785 tantum.

102 3810 197 3874 modo
213 3812 324 3871 litteras
337 3822 452 3873 curatas
473 3831 540 3875 esse
554 3821 741 3872 censuerunt.
784 3813 891 3898 Neque
909 3825 1075 3900 propterea
1097 3844 1154 3889 eos

101 3910 355 3996 reprehenderim.
399 3910 462 3973 Sed
484 3912 512 3975 si
533 3911 695 3974 accuratius
716 3918 896 3998 poculorum
916 3918 1046 3980 nomina
1072 3945 1154 3988 eon.

100 4015 295 4097 templamur,
328 4034 498 4096 quanquam
527 4012 677 4076 interdum
706 4016 845 4083 ordinem
873 4024 1049 4100 neglectum
1081 4050 1154 4093 esse
