2534 4644
1098 269 1160 331 110

113 418 279 502 accepisse,
314 440 391 502 quae
414 431 557 504 tanquam
576 442 631 482 sua
648 422 743 506 ipsius
764 423 1027 509 interpretamenta
1053 444 1156 516 protu-

111 518 181 580 lisse
197 520 347 603 plerisque
363 522 446 583 visus
461 534 531 583 erat.
566 521 629 587 Sed
639 545 679 585 ne
693 525 784 586 nimis
800 529 957 612 exspaticr‚
979 533 1084 614 paucis
1101 532 1156 597 de-

111 623 226 700 fungar.
250 619 326 682 Ath.
343 621 374 683 X
384 644 437 706 p.
451 622 530 702 424
554 646 578 684 c.
602 623 640 684 de
659 646 735 686 voce
762 622 960 707 ,,,κύαθοςίι
963 633 1155 707 ,καλοῦνται

111 716 147 784 δε
174 718 231 784 καὶ
257 715 437 806 ἀρυστῆρες
466 717 566 788 καί’
545 719 713 806 αρύστιχοι
751 725 936 811 (sequuntur
958 733 1151 816 testimonia)

110 925 241 999 σκεῦος,
273 920 315 1001 ὥς
345 874 545 1011 Ξηυοφοίνης
572 923 608 989 ἐν
637 827 863 1053 Συχχευικῳίξ
900 935 1034 1019 H.esych
1063 932 1151 1057 'on-

110 1026 254 1110 οτίχονς·
285 1025 342 1104 τοὶς
369 1026 535 1113 οἰνοχόας.
567 1027 626 1103 τοὶς
652 1027 809 1109 κοτύλας·
841 1028 905 1099 ἀπὸ
933 1029 1043 1099 τοῦ’
1021 1033 1149 1116 αρύειν,

109 1123 310 1220 ἔνθακαίὴ
336 1123 528 1212 Ἀρύταινα·
557 1127 668 1212 ἔλεγον
696 1129 808 1197 δὲκαὶ
830 1132 1013 1218 ίφηβοντδ
1036 1140 1149 1203 τοιοῦ·

107 1251 166 1293 τον
188 1229 334 1321 οιῖεῠυς,“
355 1235 408 1295 ubi
418 1232 568 1296 Kusterus
583 1232 788 1313 adnotaverat,
803 1239 866 1321 (ap.
880 1235 997 1300 Albent.
1011 1263 1042 1324 p.
1060 1241 1147 1322 562.)

107 1334 201 1410 „haec
218 1331 358 1395 videntur
377 1347 503 1420 sumpta
520 1355 587 1402 csse
607 1357 646 1396 ex
658 1334 789 1415 Athen,
819 1359 836 1397 a
857 1359 917 1422 quo
942 1361 998 1400 nos
1019 1342 1148 1404 nimium

106 1445 250 1518 quanunn
271 1434 473 1498 recedimus.“
493 1432 609 1497 Athen.
628 1435 686 1513 XI,
709 1437 780 1500 468.
802 1442 824 1500 f.
848 1431 1017 1521 ,Ἐλέφας
1042 1438 1148 1517 οὕτως

106 1531 249 1598 ἐκαλεῖτο
277 1530 438 1618 ποτήριόν
467 1558 515 1612 τι,
547 1529 591 1611 οδς
617 1531 806 1619 Δαμόξενός
835 1552 937 1622 φησιν
966 1537 1002 1605 ἐν
1037 1538 1148 1606 Αδτδν

105 1639 300 1705 ’πενθοῦντι

114 1748 117 1753 “
209 1743 247 1802 A
272 1733 359 1801 Eid'
382 1731 443 1820 οὐχ
462 1735 579 1802 ἱκανόν
595 1750 657 1817 σοι,
680 1735 740 1803 τδν
741 1727 962 1822 ἐλίφαι6’“
938 1763 1016 1830 ηκει
1032 1741 1145 1826 φέρων
1231 1746 1233 1751 ’

271 1835 389 1915 ὀπαῖς
411 1841 448 1903 Β,
469 1833 553 1903 Τίδ’
575 1837 955 1922 ἐστίτοδτοττρδςθεολν.
983 1852 1016 1907 A
1030 1840 1145 1910 Ρυτδν

269 1942 459 2021 δίκρουνον,
481 1936 597 2024 ἡλίκον
619 1964 650 2003 τι
670 1945 755 2021 τρεῖς
774 1947 907 2026 χωροῦν
928 1941 1026 2026 χοοίς“
1049 1960 1116 2010 cett.

71 2051 72 2056 ’
104 2043 237 2124 Hesych.
266 2039 484 2126 ,,Ἐλίφαντα·
515 2078 553 2087 -
591 2037 707 2124 ῥυτόν,
748 2049 834 2122 τρεῖς
870 2042 949 2124 χοοίς
981 2051 1144 2128 χωροῦν.“

76 2212 77 2219 ,
103 2142 242 2208 Adverte
264 2146 483 2222 accusativmm
511 2146 562 2229 qui
583 2158 742 2229 utrumque
767 2148 943 2230 scriptorem
967 2147 1006 2210 de
1029 2149 1144 2213 eodem

103 2249 163 2309 hoc
178 2250 247 2310 loco
261 2249 344 2332 loqui
364 2247 463 2309 docet.
500 2246 642 2310 Ceterum
662 2248 786 2326 retinui,
809 2260 982 2332 comparato
998 2251 1144 2331 Hesychii

102 2352 181 2427 loco,
203 2353 347 2431 χωροῦν,
359 2349 443 2436 φοοδ
455 2361 623 2412 mutaverat
637 2348 954 2430 Schweighaeusems.
965 2389 1003 2397 —
1027 2349 1142 2414 Athen.

102 2473 132 2536 p.
151 2452 229 2530 475,
252 2452 281 2514 d.
309 2449 400 2533 ,Ὅτι
430 2448 548 2516 δὲκαὶ
577 2445 644 2515 rtet
668 2446 854 2530 Κανθάρου
876 2447 1039 2534 κεράμεως
1063 2446 1144 2515 ω’νο-

102 2547 214 2635 μάσθη
235 2553 272 2617 τὸ
294 2551 436 2635 ἔκπωμα,
460 2552 541 2636 φησί
565 2549 756 2632 Φιλέταιρος
783 2551 818 2617 ἐν
831 2548 983 2637 Ἀχιλλεῦ(
1005 2554 1140 2635 Hesych.

103 2651 321 2733 ,Κάνθαρος
341 2656 505 2738 ποτηρίου
519 2651 617 2728 είδος·
642 2649 708 2719 οἰττό
729 2655 790 2716 τοῦ
806 2650 1142 2730 καταοκενοίσαυτος.“

105 2794 143 2804 -
167 2753 282 2817 Athen.
307 2756 370 2834 XI,
400 2755 477 2832 486,
505 2760 527 2817 f.
558 2753 836 2834 ,Μετάνιτιτρον
867 2749 888 2838 ἡ
917 2753 997 2838 μετὰ
1018 2750 1056 2816 τδ
1079 2755 1141 2816 δεῖ-

103 2877 204 2930 ττνον,
239 2852 318 2938 ἐπὴν
353 2849 582 2930 ἀπονίψωνται
613 2854 768 2939 διδομένη
797 2851 897 2932 κύλιξ.
932 2849 1140 2938 Ἀντιφάνης,

105 2954 321 3039 Λαμπάδι-
279 2957 487 3040 -Δίφιλος
508 2961 667 3041 Σαττφοῑ“
708 2960 842 3038 Hesych.
875 2955 1140 3036 ,Μετάνικτρος

101 3056 122 3143 ἡ
145 3060 380 3140 Μετανιτιτρίς
414 3056 435 3142 η
456 3081 537 3142 μετα
555 3055 595 3125 ‘cd
617 3061 767 3139 δεῖπνον,
793 3055 876 3123 tude
895 3060 1072 3137 νίψωνται,
1096 3059 1141 3123 δι-

102 3159 223 3246 δομίνη
246 3160 369 3238 κύλιξ.ιι

69 3312 73 3317 .
186 3261 270 3340 Ouid
281 3263 390 3347 plura?
412 3283 556 3340 magnam
568 3263 723 3324 Athenaei
744 3275 775 3322 et
787 3264 934 3341 Hesychii
953 3276 1070 3346 partem
1082 3237 1139 3323 δε,-

87 3365 312 3441 'scriberemus,
334 3365 449 3445 siquae
464 3362 496 3422 in
511 3374 638 3445 utroque
653 3360 763 3424 eadem
776 3362 858 3421 etita
875 3375 1047 3447 comparata
1061 3373 1139 3441 sunt,

99 3478 133 3527 ut
145 3464 324 3529 Athenaeus
339 3485 377 3525 ex
388 3462 549 3547 Pamphilo
567 3484 603 3524 ea
617 3461 802 3545 excerpsisse
821 3460 972 3542 videatur,
996 3485 1140 3543 congere-

99 3589 132 3629 re
153 3568 311 3629 veltemus.
361 3563 546 3649 Quanquam
565 3565 655 3643 igitur
675 3565 886 3649 exemplormn
907 3567 1022 3627 nubem
1043 3566 1139 3634 habe,-

98 3690 183 3744 mus,
213 3687 271 3750 qua
296 3667 430 3744 finnare3
458 3687 550 3750 quam
577 3664 708 3727 diximus
731 3665 911 3730 sententiam
935 3665 1039 3740 liceat,
1070 3658 1139 3726 ἕπε’-

99 3789 199 3852 χομεν
221 3780 338 3844 tamen,
360 3769 403 3830 rei
422 3764 674 3831 demonstrandae
688 3765 867 3829 satisfecisse
879 3787 938 3832 uos
951 3766 1074 3851 opinati.
