2534 4644
1109 290 1154 359 5⁸

116 456 187 518 dem
212 454 408 534 nominativis
434 456 526 543 utitur
560 504 579 534 „
588 451 687 532 λέξεις
712 449 960 530 παντοδαπαί,“
995 454 1052 516 sed
1083 478 1157 520 mox

114 559 176 619 abit
197 569 299 619 contra
318 578 445 618 omnem
466 556 715 619 consuetudinem
736 556 825 616 suam
843 565 874 615 et
892 567 994 617 contra
1009 560 1091 636 leges
1109 542 1157 618 diss

93 655 202 717 'cendi
222 657 262 719 ad
283 660 471 722 accusativos
501 651 742 740 ,,άνογονφήν,
771 650 1003 739 σνννγωγήν.“
1046 657 1082 720 In
1106 659 1155 722 his

112 759 202 836 igitur
213 779 360 837 magnum
374 760 483 823 vitium
492 758 724 821 subodoramur.
1050 759 1052 762 ’

197 858 279 920 Inter
289 861 371 923 varia
386 871 488 922 autem
498 861 643 924 vitiorum
664 881 789 939 genera,
809 881 887 944 quae
909 859 1022 923 Suidae
1042 863 1154 927 librum

112 962 252 1042 polluunt
273 972 304 1022 et
321 981 444 1039 omnes,
467 962 519 1045 qui
538 983 575 1023 eo
595 963 640 1022 uti
662 962 802 1045 cupiunt,
824 963 958 1022 maxime
972 962 1152 1047 impediunt,

111 1063 281 1143 frequenter
299 1060 467 1124 admissum
486 1060 562 1122 illud
581 1073 640 1139 est,
663 1082 724 1144 quo
745 1082 822 1145 quae
835 1060 875 1123 de
894 1084 971 1124 voce
990 1064 1088 1147 aliqua
1101 1076 1154 1127 aut
1262 1046 1266 1069 ³

111 1159 150 1221 de
164 1161 230 1223 viro
243 1161 350 1223 illustri
362 1162 441 1225 dicta
457 1175 545 1240 sunt,
567 1183 586 1223 a
605 1183 662 1223 suo
682 1164 751 1222 loco
773 1161 976 1248 distrahuntur
990 1177 1021 1226 et
1034 1167 1066 1226 in
1077 1166 1151 1227 aliess

108 1283 183 1323 num
212 1266 437 1326 transferuntur.
493 1263 539 1326 Ita
567 1259 782 1346 Aristophanis
810 1266 995 1342 grammatici
1019 1268 1080 1330 vita
1111 1289 1151 1328 ex

107 1347 193 1448 ¹parte
215 1375 278 1424 erat
297 1363 500 1446 Aristonyrno
523 1361 678 1441 adiuncta,
705 1375 740 1424 ut
760 1363 880 1426 ostendi
897 1365 930 1424 in
947 1363 1148 1428 Cormnentat.

108 1462 148 1524 de
168 1462 328 1548 Aristoph.
351 1465 424 1527 Vita
442 1487 473 1550 p.
499 1463 580 1528 CVI.
622 1463 670 1527 Illi
688 1476 791 1526 autem
810 1468 975 1549 exemplo,
990 1465 1074 1548 quod
1086 1468 1149 1551 pri-

108 1585 177 1625 mus
190 1563 362 1644 indigitavi,
385 1567 543 1628 occasione
556 1566 625 1628 dala
637 1588 719 1627 nunc
734 1566 795 1628 duo
814 1568 872 1628 alia
890 1567 1040 1629 adiiciam.
1082 1568 1149 1629 Pri.

107 1675 195 1750 mum
208 1663 247 1727 de
260 1666 440 1745 Hegemone
453 1666 537 1751 apud
552 1666 680 1730 Suidam
692 1669 949 1754 haec·reperi1nus
970 1662 1149 1750 ,,Ἡγήμων

107 1761 127 1828 ὁ
154 1760 293 1843 Θάσιος,
323 1761 343 1830 ὁ
375 1762 563 1850 ἐπικληθεὶς
592 1769 693 1851 φακῆ.
734 1760 895 1852 Ἡγήμων.
928 1768 1147 1854 Δημοσθένης

104 1863 143 1952 Ιἐν
172 1869 219 1954 τῷ
247 1863 332 1948 ὑπὲρ
360 1869 613 1952 Κτησιφῶντος·
647 1861 693 1943 εἷς
714 1856 757 1951 ἦν
777 1872 845 1932 τῶν
865 1866 1146 1953 μοκοδονιζόντων

104 1964 160 2031 act
186 1970 252 2031 τῶν
279 1963 333 2031 ἐπὶ
363 1968 549 2054 δωροδοκίᾳ
570 1966 850 2051 διαβεβλημένων·
877 1972 946 2034 τῶν
967 1967 1145 2055 δραμάτων

106 2060 212 2130 αὐτοῦ
234 2064 301 2130 ἐστι
326 2069 477 2146 Φιλίννα,
499 2064 545 2145 οἱς
562 2063 738 2152 Ἀθήναιος
760 2066 797 2132 ἐν
817 2073 1145 2153 Δειπνοσοφιστοῖς.“

106 2165 196 2244 Quae
213 2168 263 2250 qui
281 2169 415 2251 primum
437 2172 525 2250 legit,
544 2193 609 2234 non
626 2184 726 2255 potest
736 2171 793 2232 nisi
807 2193 942 2250 censere,
965 2174 1004 2236 de
1024 2175 1143 2238 duobus

104 2269 280 2335 hominibus
300 2290 475 2333 sermonem
492 2292 576 2351 esse,
599 2271 717 2334 diversa
734 2283 830 2334 aetate
848 2274 1036 2354 viventibus,
1065 2300 1143 2361 quo-

103 2391 173 2431 rum
189 2370 296 2454 prioris
316 2393 487 2453 cognomen
507 2385 538 2434 et
553 2373 696 2457 patriam,
719 2375 893 2458 posterioris
903 2375 1040 2439 indolem
1052 2391 1083 2440 et
1095 2400 1143 2441 ar-·

102 2484 166 2534 tem
177 2471 331 2535 discimus.
373 2473 550 2536 Attanum
563 2477 664 2552 abest,
685 2485 720 2534 ut
730 2476 791 2535 hoc
809 2497 917 2539 verum
929 2479 983 2557 sit,
1004 2491 1038 2540 ut
1050 2473 1143 2564 plana

102 2575 248 2639 contraria
265 2580 341 2636 mori
367 2589 494 2662 occupet
515 2578 651 2638 animum
674 2576 831 2638 sententia.
878 2575 1035 2639 Athenaei
1058 2579 1143 2650 enim

100 2675 193 2736 libros
205 2678 398 2755 evolventes,
420 2680 439 2740 l.
453 2677 530 2755 XV,
549 2700 581 2763 p.
602 2682 674 2741 699.
704 2698 731 2738 a.
758 2677 803 2738 ibi
822 2698 887 2738 non
907 2677 966 2738 dici
984 2677 1024 2739 de
1039 2679 1143 2758 Hege-

101 2795 210 2850 mone,
232 2775 284 2856 qui
304 2775 521 2838 Demosthenis
540 2786 638 2838 aetate
654 2776 745 2853 vixit,
766 2776 822 2838 sed
843 2776 881 2838 de
894 2777 1009 2840 Thasio
1029 2782 1140 2840 intelli-

102 2879 210 2958 gimus.
235 2876 266 2940 Is
284 2878 368 2940 enim
383 2898 477 2960 quum
495 2886 583 2937 antea
602 2886 857 2937 commemoratus
878 2889 957 2938 esset
978 2874 1054 2955 „nul
1074 2879 1141 2942 τῶν

101 2970 175 3041 κατ’
201 2970 307 3041 οάτόν
328 2972 482 3060 Ἡγήμων
503 2969 523 3039 ὁ
546 2970 687 3054 Θάσιος,
710 2970 751 3040 ὃν
771 2970 913 3039 ἐκάλουν
934 2981 1048 3060 φακῆν
1056 2980 1073 3012 “
1104 3001 1137 3064 pr

101 3083 178 3157 698,
201 3102 233 3159 ος
264 3080 397 3163 pergitur
418 3099 436 3139 a
453 3078 598 3163 scriptore
614 3081 635 3140 l.
654 3080 675 3139 l
701 3072 871 3160 „ylyompe
892 3075 928 3142 tt
949 3079 1005 3143 καὶ
1025 3101 1139 3165 anuu-

101 3180 177 3244 δίαν
204 3179 249 3255 εἰς
276 3175 337 3244 τάν
364 3175 502 3261 άρχαῖον
533 3175 676 3259 τρόπον,
705 3172 750 3260 ἢν
778 3174 1000 3260 ἐπιγράφουσι
1028 3180 1139 3264 φιλάν-

100 3281 194 3363 νην.“
206 3280 273 3343 Iam
284 3283 429 3365 quoniam
442 3280 552 3343 Suidas
563 3279 807 3343 adAmenaeum
813 3302 871 3344 nos
879 3285 1014 3361 ablegat:
1030 3285 1138 3345 vitium

100 3403 162 3443 non
187 3404 254 3445 esse
276 3383 428 3468 scriptoris
447 3380 503 3443 sed
523 3384 712 3444 librariorum
732 3382 875 3464 sequitur.
924 3383 1024 3445 Locus
1049 3384 1139 3462 igitur

99 3485 140 3544 ita
151 3484 352 3546 restituendus
365 3485 436 3546 erit:
458 3477 630 3564 ,,Ἡνήμο)ν
645 3475 663 3545 ὁ
677 3475 817 3555 Θάσιος·
840 3477 858 3547 ὁ
873 3477 1059 3566 ἐπικληθεὶς
1074 3505 1137 3566 φα-

100 3585 158 3667 κῆ·
179 3584 248 3645 τοῖν
269 3579 446 3666 δραμάτων
466 3577 571 3648 αὐτοῦ
592 3579 660 3647 ἐστι
675 3578 830 3659 Φιλίννα,
853 3576 899 3656 ὥς
919 3576 1092 3666 Ἀθήναιος
1113 3581 1136 3648 ἒ.

100 3678 312 3765 [1nyer
330 3679 548 3769 Δημοσθένης
569 3680 605 3748 ἐν
625 3685 672 3770 τῷ
693 3677 778 3762 ὑπὲρ
790 3714 833 3729 -
845 3681 1137 3767 ὁιαβεβλημένων.“

99 3785 144 3848 Ea
155 3797 258 3847 autem
268 3787 344 3846 ratio
365 3788 423 3847 alia
442 3807 563 3872 quoque
583 3806 689 3847 caussa
707 3786 795 3846 allata
814 3785 1015 3847 confirmatur.
1064 3785 1137 3848 Ere.
1234 3824 1237 3830 -

99 3888 164 3948 nim
178 3887 285 3950 ultima
297 3889 390 3948 verba
403 3888 495 3970 petita
513 3898 584 3950 sunt
601 3909 640 3949 ex
660 3885 898 3970 Harpoctatione
910 3885 940 3964 1,
962 3907 994 3970 p.
1016 3889 1068 3950 83.
1088 3885 1136 3949 cd.

99 3988 183 4073 lips.
206 3988 306 4051 Locus
318 3998 364 4087 est
381 3987 414 4049 in
424 3985 586 4052 Demosth.
600 3987 685 4053 Orat.
697 3987 738 4056 de
750 3985 860 4053 coron.
874 4009 939 4075 cap.
954 3989 1006 4049 88.
1049 3982 1139 4050 Ata.
