2534 4644
118 437 211 501 etiam
229 436 288 500 alia
300 433 407 522 plna?
427 437 529 514 legant
540 432 709 521 Epistolam
724 432 855 514 Eulogro
869 444 1088 519 nuncupatam,
1110 437 1166 500 hic

118 539 362 627 praemissamh
359 547 390 601 et
411 536 541 598 sentient
548 559 667 622 ,spero
684 558 805 622 quoque
827 537 1028 600 assentient“
1071 535 1167 617 Ouiae

120 639 294 727 quidem
263 638 321 703 uri
336 634 455 703 ¹'autumi
481 639 602 723 opinio,
628 650 663 700 ut
685 637 768 700 diu
758 640 911 743 incognita
931 652 1099 720 manserat,
1121 643 1167 706 ita

120 763 184 804 non
202 741 270 803 tulit
290 741 419 804 aliorum
438 741 664 821 assensionem,
699 741 726 803 is
751 739 835 803 enim
855 743 936 827 ipse,
965 743 1017 827 qui
1036 743 1166 828 primus,

120 845 200 906 hanc
220 865 287 906 esse
309 843 449 930 Sopingii
478 842 723 922 adnotationem,
751 864 816 904 non
836 842 1020 923 Schrevelii,
1049 843 1166 925 docuit,

121 967 155 1010 se
168 948 207 1008 ab
223 967 258 1008 ea
278 949 370 1028 longe
385 945 539 1010 diversum
557 946 685 1024 sentire,
713 946 846 1025 ingenue
865 949 984 1012 fatetur.
1026 948 1071 1014 Ita
1082 952 1167 1014 ‘effe-

121 1058 204 1111 ctum
223 1059 285 1128 est,
313 1059 348 1110 ut
368 1061 398 1112 et
421 1048 622 1112 recentiorum
641 1049 776 1133 plerique
803 1070 868 1110 non
893 1049 997 1133 ipsum
1016 1054 1168 1134 Hesychii

122 1172 200 1237 opus
213 1172 271 1214 nos
284 1153 413 1232 habere,
435 1151 491 1216 sed
503 1152 569 1215 eius
589 1150 806 1237 compendium
824 1177 881 1240 pro
896 1168 977 1219 certo
998 1167 1029 1218 et
1040 1153 1168 1218 indubi-

122 1265 185 1317 tato
204 1266 369 1339 ponerent3
401 1276 574 1341 quanquam
593 1254 811 1320 Valckenarius
832 1279 948 1323 novam
967 1267 1168 1344 proposuerat

124 1367 155 1419 et
173 1357 277 1420 multis
297 1360 480 1439 argumentis
500 1359 629 1444 probare
649 1369 774 1424 conatus
791 1363 890 1426 fuerat
908 1359 1101 1436 sententiam,
1125 1356 1168 1420 de

123 1463 298 1609 qmffafflo
312 1471 382 1547 post
395 1458 586 1524 disseremus.

164 1548 366 1627 'L't'raeterea
386 1562 469 1623 enim
486 1563 547 1624 alia
567 1561 668 1625 audita
690 1576 736 1627 est
756 1565 878 1651 opinio,
901 1585 970 1626 cum
983 1564 1042 1625 hac
1054 1558 1094 1622 de
1107 1579 1169 1644 qua

125 1662 257 1726 diximus
278 1662 497 1743 coniungenda,
519 1685 579 1749 qua
595 1687 659 1728 non
683 1668 825 1730 mutilum
837 1668 939 1737 solum
951 1675 983 1727 et
994 1666 1171 1738 laceratum,

124 1764 182 1828 sed
194 1765 406 1829 additamentis
421 1767 513 1830 etiam
525 1770 710 1832 maculatum
731 1791 788 1832 nos
809 1768 960 1855 accepisse
977 1762 1173 1846 Hesychium

124 1869 274 1932 asserium
317 1866 408 1946 Quae
427 1890 476 1932 res
490 1890 585 1954 quum
604 1872 756 1935 veteribus
776 1871 851 1950 illis,
872 1880 908 1931 ut
920 1864 1085 1951 Sopingio,
1109 1861 1172 1925 Gass

124 1972 280 2049 saubono,
309 1971 453 2051 Heinsio,
482 1972 534 2056 qui
556 1971 648 2057 primi
673 1971 714 2036 ad
735 1972 858 2034 difficile
885 1969 1059 2050 negotium,
1087 1966 1172 2026 hunc

125 2073 303 2157 scriptorem
317 2073 523 2154 emaculandi,
545 2075 682 2137 animum
696 2074 897 2155 adverterunt,
919 2089 1041 2147 prorsus
1052 2067 1173 2147 incogi-

28 2222 34 2233 .
125 2185 188 2236 tata
201 2175 323 2239 fuisset:
347 2173 360 2252 (
367 2198 497 2261 quorum
511 2198 603 2261 quem
616 2188 771 2262 postremo
784 2182 855 2241 loco
867 2174 1035 2253 nominavi,
1057 2170 1173 2235 Suidae

126 2289 159 2339 et
179 2278 326 2360 Hesychii
350 2279 608 2364 comparationem
630 2280 793 2345 instituisse
818 2281 947 2359 scimus,
976 2297 1034 2362 qua
1057 2272 1174 2338 Suidae

127 2382 223 2441 multa
249 2390 369 2464 tempus
391 2379 561 2459 addidisse,
589 2381 747 2462 Hesychia
769 2380 935 2443 detram'sse
959 2375 1172 2466 perhibetur3)

128 2482 261 2566 primum
275 2491 321 2543 est
334 2501 354 2543 a
366 2479 463 2544 doctis
484 2480 666 2566 quibusdam
684 2493 807 2568 propter
820 2482 921 2600 ipsam
935 2485 1103 2562 glossarum
1116 2497 1174 2539 na-

127 2594 227 2645 arram
240 2595 272 2645 et
284 2582 423 2645 indolem
437 2581 580 2647 divinam.
623 2580 781 2664 Quoniam
803 2585 887 2648 enim
905 2582 1060 2646 mediisin
1078 2581 1175 2647 vimi·

69 2686 72 2692 ’
127 2684 365 2772 tibuspraeclari
381 2685 451 2747 libri
463 2683 641 2750 foedissima
661 2688 735 2752 vitia
756 2683 1086 2779 animadvertebatur,
1106 2683 1175 2744 illas

62 2812 69 2819 ·
127 2785 283 2872 quidem
273 2791 367 2881 ipsius
388 2814 456 2856 esse
474 2792 626 2876 Hesychii
643 2794 820 2872 sttmebant,
848 2791 926 2852 hsce
948 2782 1056 2852 cdffla
1070 2784 1176 2847 omnia

128 2890 346 2958 recentioribus
372 2907 403 2959 et
426 2897 524 2960 stultis
553 2895 680 2959 h'brariis
707 2893 812 2957 deberi
837 2885 1178 2953 aummabant.1nter

127 3014 208 3078 quos
221 2995 288 3078 quis
298 2997 413 3081 primus
425 2999 516 3060 fuerit
526 2997 641 3059 nescio.
664 2993 778 3077 Caspar
789 2988 955 3052 Barthius
944 3010 976 3048 m
992 2983 1105 3048 eximio
1117 2980 1176 3042 ad-

131 3096 458 3162 versationunlibroL
463 3095 564 3177 XLII.
572 3100 656 3161 cao
649 3116 694 3179 p
686 3084 1174 3170 ‚1918.(a1624.)ita10quitur:

132 3196 264 3303 υ11101111)
269 3218 317 3267 ne
330 3200 436 3262 ultima
449 3214 513 3263 vox
525 3218 632 3260 earum
643 3192 791 3276 Hesychii
808 3201 843 3253 ut
861 3193 1014 3273 glossema
1025 3186 1177 3275 posterio-

132 3299 174 3363 ris
191 3284 279 3371 aad
266 3292 429 3365 *citanda
453 3300 507 3378 sit,
535 3300 569 3360 ιιι
595 3299 744 3416 plurimae
770 3296 873 3358 insunt
899 3292 1052 3355 luculento
1081 3289 1178 3374 operi,

130 3420 209 3485 quas
221 3402 305 3463 nullo
325 3401 449 3482 negotio
468 3420 522 3484 por
536 3401 662 3486 paginas
682 3400 816 3481 singulas
838 3389 1058 3480 deprehendas.
1065 3389 1084 3423 “
1127 3387 1179 3452 si-

134 3502 245 3564 militer
258 3500 412 3568 iudicavit
430 3501 627 3588 Tanaquillus
646 3503 746 3566 Faber
773 3498 814 3562 ad
837 3496 1024 3561 Anacreont.
1051 3515 1084 3579 p.
1107 3497 1178 3557 117.

137 3603 208 3682 (ed.
219 3603 313 3668 Salun
328 3607 420 3670 1660.
428 3607 489 3686 ):,
491 3605 700 3686 ,Monendum
713 3602 848 3682 arbitror,
848 3601 972 3663 multos
986 3596 1063 3659 olim
1076 3594 1180 3674 Hesy-

134 3711 197 3773 chii
214 3731 363 3797 pmpurae
383 3733 456 3776 suos
477 3732 612 3805 pannos
615 3731 707 3773 ausos
723 3706 817 3770 atne
832 3702 981 3768 ιιιιιιιι,ί
982 3696 1126 3764 ‘Sed
1116 3717 1182 3758 1am

137 3824 207 3878 ante
220 3811 339 3877 hosio
354 3794 849 3888 MeusiusinMiseeuLaconJ,
873 3810 960 3893 lap.
973 3808 1026 3870 61.
1043 3797 1180 3878 (1661)

137 3914 178 3978 ad
198 3917 277 3978 hanc
300 3938 367 3979 rem
392 3927 536 4003 tanquam
556 3915 700 3981 omnibus
728 3924 835 3977 notam
861 3923 1027 3998 provocare
1053 3907 1181 3985 poterat·

139 4016 195 4081 Ait
213 4019 298 4083 enim
325 4017 464 4106 „Estque
485 4039 523 4083 ea
542 4023 643 4102 glossa
663 4028 742 4082 certe
762 4019 801 4081 ab
815 4012 939 4078 indocto
953 4002 1115 4092 quodam'
1105 4002 1183 4065 tusi-
