2558 4650
147 307 210 369 tro
782 372 835 437 H
889 304 895 309 ’

145 473 337 556 interpretes,
367 492 472 534 versus
491 493 530 533 ex
550 473 687 534 Homero
710 475 817 535 allatos
838 473 977 535 omnium
998 479 1188 564 corruptissi-

145 596 213 635 mus
237 595 320 635 esse:
350 593 387 633 1ο
411 575 535 634 trahitur
560 576 697 652 animus,
726 587 760 635 ut
785 574 944 653 concedat,
974 597 1046 638 vera
1074 578 1187 644 dixisse

145 677 334 757 Hesychium
352 687 437 737 etex
455 677 537 737 libris
549 678 774 762 manuscriptis,
795 679 827 739 in
842 679 949 761 quibus
970 684 1186 745 cormnentan'a

144 777 319 855 Aristarchi,
334 775 468 862 Apionis
482 790 512 839 et
526 776 684 839 Heliodori
697 780 779 839 male
792 780 901 863 scripta
914 783 1079 859 exstabant,
1104 788 1186 850 mul-

143 892 191 943 tos
204 880 332 941 Homeri
345 901 451 943 versus
464 878 616 942 addidisse
633 880 757 958 singulis
770 882 907 943 vocibus.
950 880 1085 966 Accipe,
1108 907 1185 969 quae

144 982 322 1059 Schouius,
346 981 590 1062 diligentissimus
604 982 693 1043 lexici
705 981 891 1062 Hesychiani
908 996 1122 1068 perscrutator,
1145 988 1184 1050 de

142 1105 179 1145 ea
193 1107 226 1145 re
241 1085 379 1169 protulit,
399 1087 495 1170 praef.
511 1084 551 1146 ad
565 1083 756 1168 Supple1mn.
774 1106 803 1169 p.
818 1082 866 1162 X,
889 1084 1014 1162 „Restat
1032 1085 1132 1148 adhuc
1150 1091 1181 1150 in

143 1185 247 1246 codice
268 1186 423 1247 Marciano
449 1207 497 1247 res
524 1183 692 1246 admodum
714 1187 935 1264 memorabilis,
964 1188 1040 1248 mira
1068 1212 1183 1275 nempe

141 1291 276 1348 locorum
289 1288 522 1348 Homericorum
537 1286 726 1371 depravatio,
747 1308 838 1369 quam
852 1292 890 1349 ab
905 1290 1110 1374 antiquissima
1129 1312 1183 1353 co-

141 1389 231 1465 dicis,
262 1411 322 1473 quo
341 1389 513 1469 Hesychius
535 1411 608 1451 usus
635 1401 694 1467 est,
723 1391 865 1473 scriptura
892 1389 1026 1467 deduco,
1056 1393 1182 1478 ipsaque

139 1493 200 1552 iam
225 1494 255 1552 in
275 1493 437 1575 archetypo
461 1489 572 1552 codicis
592 1490 736 1551 Marciani
763 1501 899 1573 corrupta
923 1491 1016 1552 fuisse
1040 1495 1181 1574 arbitror,

139 1595 268 1678 plurima
284 1615 358 1656 tero
369 1596 480 1654 homm
492 1596 630 1654 locorum
645 1593 727 1669 vitia,
738 1592 848 1676 partim
861 1594 1028 1654 acontinua
1041 1607 1181 1659 veterum

139 1700 385 1757 membranarum
400 1696 552 1779 scriptura,
575 1694 684 1779 partim
699 1714 717 1753 a
738 1692 947 1777 quadratarmn
968 1687 1067 1758 forma
1084 1702 1180 1782 repeti

138 1800 296 1881 possunt.“
338 1794 469 1856 Accedit
489 1794 570 1856 aliud
589 1805 809 1874 argumentum.
853 1794 953 1880 Saepe
977 1801 1119 1876 occurrit,
1147 1814 1179 1862 ut

138 1897 247 1957 eadem
260 1919 324 1958 vox
338 1899 385 1960 bis
398 1910 481 1960 terve
494 1899 527 1958 in
541 1898 696 1978 Hesychio
718 1907 870 1974 tractetur,
898 1898 1050 1960 interdum
1073 1902 1106 1962 in
1124 1903 1178 1964 iis-

138 1997 224 2075 dem,
246 1997 398 2059 interdum
410 2001 442 2059 in
463 1999 589 2062 dirersis
608 1999 742 2075 casibus,
765 1984 855 2082 saepe
875 2021 946 2078 suo,
969 2003 1088 2085 saepius
1103 2006 1177 2065 alie-

137 2120 178 2157 no
191 2100 260 2158 locu
272 2100 370 2183 posita
380 2101 557 2163 inveniatur.
600 2098 665 2160 Etsi
687 2123 751 2161 non
765 2121 891 2179 negem,
911 2101 1062 2163 interdum
1084 2125 1177 2167 voces

137 2199 219 2285 apud
232 2201 305 2261 alios
319 2203 476 2286 scriptores
490 2204 596 2264 obvias
609 2203 649 2263 ita
670 2202 832 2288 duplicari:
854 2216 957 2265 tamen
975 2203 1006 2264 id
1025 2207 1177 2268 rarissime

136 2305 250 2363 factum
261 2324 345 2380 esse,
369 2325 404 2364 ac
415 2305 592 2388 saepissime
604 2305 670 2364 fieri
682 2307 715 2366 in
727 2306 897 2367 Homericis
909 2306 1035 2368 vocibus
1050 2320 1177 2369 conten-

136 2402 186 2464 do.
240 2403 285 2464 Ea
314 2407 416 2467 omnia
437 2407 526 2466 facile
553 2404 757 2468 additamenta
776 2408 923 2486 Hesychii
945 2429 1013 2469 sese
1030 2407 1174 2491 produnt.

135 2504 264 2566 sienim
280 2517 366 2567 antea
381 2509 519 2568 nonnulli
534 2507 572 2568 ad
587 2531 652 2570 rem
667 2505 875 2591 explicandam
890 2506 929 2568 ad
948 2509 1082 2570 librarios
1097 2531 1176 2571 con-

134 2610 287 2687 tirgemnt,
309 2629 437 2692 possum
450 2632 530 2671 nunc
543 2611 574 2670 in
589 2608 744 2689 Hesychio
758 2609 953 2691 acquiescere.

218 2707 266 2770 Ex
291 2711 339 2772 his
363 2723 500 2797 apertum
526 2723 587 2791 est,
612 2709 695 2794 quod
724 2721 812 2772 antea
840 2708 1094 2789 indigitavimus,
1108 2736 1173 2776 non

133 2811 236 2872 omnia
252 2823 391 2875 veterum
402 2815 581 2899 scriptorum
594 2813 784 2890 testimonia,
809 2814 848 2874 ab
863 2810 1056 2890 Diogeniano
1077 2817 1173 2879 omis-

131 2933 165 2975 sa
184 2915 288 2977 firisse.
339 2913 446 2994 Quum
468 2917 550 2978 enim
570 2918 665 2977 multa
687 2917 720 2977 in
739 2915 838 2978 lexico
858 2913 1064 2993 Hesychiano
1077 2936 1172 3000 appa-

131 3030 228 3096 reant,
251 3018 333 3102 quod
354 3018 444 3079 docet
460 3016 559 3079 Index
579 3015 765 3093 Auctorum,
793 3037 885 3100 quem
903 3014 1048 3078 Albertus
1069 3023 1170 3101 perfe-

132 3119 185 3196 cit,
207 3142 306 3204 neque
328 3143 364 3182 ea
386 3142 505 3186 sumere
527 3121 616 3180 liceat
634 3140 680 3179 ex·
696 3115 891 3194 Aristarcho,
912 3115 1038 3200 Apione
1057 3131 1087 3180 et
1103 3121 1167 3180 He-

129 3219 249 3282 liodoro
262 3221 363 3283 addita
385 3243 469 3285 csse:
492 3221 568 3282 nihil
587 3217 669 3280 aliud
685 3218 775 3280 nobis
798 3229 903 3296 restat,
925 3240 1018 3303 quam
1039 3220 1168 3300 credere,

130 3344 166 3385 ea
196 3326 298 3386 omnia
324 3324 512 3405 Hesychium
541 3323 604 3383 iam
632 3321 714 3407 apud
741 3320 967 3400 Diogenianum
991 3323 1168 3407 repperisse.

97 3404 211 3485 &Nihil
225 3425 381 3505 Hesychio
400 3424 568 3486 adscribere
587 3445 765 3508 possumus,
788 3423 847 3485 nisi
866 3442 971 3484 versus
986 3423 1168 3489 Homericos

129 3523 248 3587 additos
262 3538 293 3587 et
310 3523 407 3602 λέξεις
426 3527 528 3610 inepte
543 3527 680 3591 intrusus.

213 3627 277 3690 Sed
294 3651 333 3690 ne
354 3627 427 3713 quid
449 3629 560 3689 iniuste
587 3639 689 3688 contra
712 3623 901 3705 Hesychium
926 3647 1065 3715 aguntus,
1098 3649 1168 3692 sese

127 3741 280 3812 praeterea
293 3734 402 3792 multas
420 3752 532 3808 voces,
554 3731 586 3791 in
608 3727 807 3806 Diogeniani,
828 3722 1009 3807 Aristarchi,
1031 3727 1167 3815 Apionis

126 3841 158 3891 et
172 3830 331 3891 Heliodori
345 3835 427 3895 libris
440 3836 548 3893 frustra
564 3831 712 3915 quaesitas
730 3828 876 3894 adiecisse
895 3833 1057 3916 profitetur.
1102 3832 1166 3894 Ne-

125 3953 185 4015 que
199 3931 232 3993 id
246 3934 355 3996 infitias
367 3936 411 3996 ire
424 3946 476 3996 aut
487 3937 630 3998 volumus
650 3945 701 3993 aut
720 3955 893 4018 possmnus.
936 3933 1060 3996 Adsunt
1081 3935 1165 3995 enim
1199 3994 1203 3999 .

125 4036 283 4114 nonnulla,
317 4057 334 4096 a
357 4034 518 4123 Pamphilo
540 4047 618 4097 certe
636 4047 667 4097 et
685 4035 878 4117 Diogeniano
901 4037 967 4099 sine
985 4036 1079 4100 dubio
1099 4059 1163 4099 non
