2534 4644
99 474 150 534 23.
171 466 295 532 Ahmns
316 464 691 545 11111ιιι’.1111ιι1ιΧ1]1,
712 464 893 552 11,p191
937 467 1079 532 ceterum
1100 469 1141 534 de

99 572 331 657 orthographiae
356 570 490 649 legibus,
521 576 604 665 'un
623 568 734 634 Suidos
761 580 883 634 secutus
907 581 971 676 est,
998 574 1142 658 peculiari

99 673 356 735 commentatione
375 669 531 734 disseraru.

184 821 307 885 Deinde
326 845 396 884 cum
417 821 554 884 Suidas
543 843 610 906 rpse
630 822 761 886 incertus
783 823 837 902 sit,
862 845 920 911 qua
942 845 982 886 ex
994 816 1253 1073 Herae*

74 1007 76 1011 ,
100 920 183 985 ortus
203 925 242 985 sit
278 936 309 986 et
331 936 431 985 utrum
449 925 677 1004 grammaticus,
699 945 738 986 an
758 924 912 990 medicus:
941 949 1000 990 nos
1020 926 1144 1014 quoq]

99 1025 176 1086 nihil
194 1046 228 1087 ce
276 1028 435 1089 habemus.
477 1025 533 1089 Est
550 1022 587 1087 in⁴
602 1021 712 1087 Galeni
728 1026 810 1089 libris
830 1022 1053 1109 Diogenianus,
1076 1030 1152 1093 eius·
1181 1048 1184 1053 '

100 1126 229 1205 amicus,
264 1129 312 1190 cui
336 1150 427 1192 suum
457 1129 569 1191 librum
593 1122 669 1208 περὶ
703 1117 992 1210 ἐπιβαλλομένων
1012 1129 1141 1210 dicavit3

100 1229 152 1290 cfr.
167 1226 260 1308 XIII,
281 1252 312 1316 p.
334 1230 406 1296 965.
429 1227 478 1291 ed.
498 1227 592 1290 Paris.
617 1225 673 1302 (ct
685 1226 728 1290 V.
747 1249 779 1313 p.
800 1233 870 1293 171.
887 1229 936 1292 ed.
949 1230 1042 1307 BasiL
1057 1232 1141 1296 latin.

98 1326 134 1393 In
154 1332 267 1409 graecis
285 1328 369 1394 enim
387 1331 471 1393 libris
486 1327 611 1409 ibidem,
622 1322 711 1391 editis
729 1351 798 1415 pars
812 1331 1007 1415 praefationis
1024 1332 1141 1415 deest.)

99 1451 192 1515 quem
208 1434 250 1494 ait
259 1432 392 1497 veritatis
408 1454 475 1495 esse
489 1443 657 1493 amatorem
671 1453 706 1493 ac
725 1432 908 1518 simplicium
923 1432 1142 1497 medicinarum

99 1533 225 1596 virtutes
245 1533 378 1596 ediscere
397 1552 516 1620 cupere.
565 1531 707 1594 Alterum
735 1531 911 1597 Plutarchus
934 1522 1087 1597 memorat
1109 1537 1142 1597 in
1254 1605 1256 1608 y

101 1631 321 1721 Symposiacis,
343 1635 570 1716 Diogenianum
583 1634 818 1715 Pergamenum3
842 1633 881 1697 de
895 1657 956 1721 quo
968 1636 1045 1698 nihil
1054 1657 1143 1722 prae-

100 1745 182 1798 terea
197 1739 339 1822 comperi.
363 1735 426 1817 Qui
442 1738 566 1824 quidem
580 1757 689 1798 omnes
707 1757 803 1819 quum
815 1737 876 1796 huc
888 1759 952 1798 non
964 1738 1143 1823 pertineant,

99 1839 216 1900 maiore
245 1842 373 1903 fortasse
397 1842 462 1903 iure
489 1837 664 1925 producitur
678 1836 840 1916 ¹Diogenes
868 1837 1020 1917 medicus,
1050 1860 1144 1924 quem

101 1936 235 2004 Galenus
253 1942 405 2019 nominat,
427 1941 467 2004 de
489 1939 657 2028 Composit.
679 1936 893 2001 medicament.
914 1961 998 2004 κατα
986 1934 1145 2017 τόπούς

100 2040 222 2120 111).1Π,
239 2063 303 2128 cap.
320 2048 349 2122 3,
364 2041 424 2122 IX,
447 2065 512 2130 cap.
530 2049 559 2108 7.
602 2043 657 2122 At,
679 2055 712 2104 ut
734 2032 1161 2227 1111111111ωῇ

103 2152 159 2204 est.

189 2293 289 2356 Maior
309 2306 355 2358 est
377 2295 417 2359 de
432 2295 617 2377 Diogeniani
643 2306 741 2357 aetate
758 2293 905 2380 quaestio.
948 2234 1144 2383 Quanqffln

102 2396 186 2459 enim
204 2397 391 2478 Hesychius,
414 2399 465 2483 qui
484 2419 575 2461 suum
598 2397 825 2478 Diogenianum
848 2407 919 2482 post
936 2358 1107 2482 Apioner'it'
1114 2407 1146 2458 et

101 2497 313 2583 Apollonium,
329 2496 507 2583 Didymum
518 2512 549 2562 et
561 2496 767 2564 Theonem
736 2499 850 2565 versse
864 2499 1013 2584 perhibet,
1028 2509 1060 2561 et
1073 2497 1145 2560 Sui-

102 2597 173 2679 das,
194 2602 246 2685 qui
260 2600 415 2665 Hadriano
434 2613 578 2682 regnante
593 2603 733 2666 floruisse
750 2621 841 2665 suum
861 2600 918 2677 ait,
940 2622 1006 2662 non
1025 2600 1144 2663 dissen-

101 2701 195 2763 tiunt:
216 2699 399 2765 recentiores
412 2716 516 2767 tamen
532 2705 571 2766 de
591 2706 681 2766 huius
700 2698 867 2767 sententiae
880 2690 1008 2766 recitate
1025 2701 1145 2765 dubita-

102 2813 180 2864 runt.
223 2801 347 2864 Etenim
361 2803 518 2866 dubitandi
531 2806 690 2866 materiam
709 2805 847 2889 praebuit
859 2805 936 2865 liber
952 2823 972 2864 a
985 2802 1080 2864 Suida
1089 2804 1147 2881 ,ai

104 2901 226 2966 codices
245 2924 353 2966 verum
372 2907 499 2985 habent,
527 2906 772 2992 praetermissus,
793 2896 1037 2967 nostrae'autem
1057 2905 1148 2967 aetati

102 3015 248 3082 servatus,
269 3027 330 3090 quo
343 3008 503 3092 proverbia
523 3009 716 3094 explicantur.
752 3006 916 3069 Possemus
927 3007 1025 3086 igitur,
1047 3005 1147 3090 quon-¹

102 3106 166 3168 iam
182 3106 259 3169 liber
280 3128 298 3169 a
322 3107 501 3170 Suida‘non
520 3103 776 3173 commemoratus
797 3118 857 3186 est,
886 3105 925 3168 de
947 3107 1012 3171 alio
1029 3107 1147 3188 Dioge-

103 3209 198 3270 nian'o
207 3230 281 3271 eum
295 3212 390 3296 loqui,
413 3211 549 3291 credero,
571 3225 602 3274 et
614 3225 711 3276 totam
722 3209 801 3275 hano
816 3210 1038 3274 dubitationem
1050 3210 1148 3291 negli-

105 3310 200 3388 gere.'
227 3309 291 3372 Sed
306 3313 451 3396 quoniam
468 3312 501 3375 id
520 3315 621 3399 ipsum
645 3312 707 3374 non
730 3325 844 3374 cerbon
862 3323 924 3389 est,
946 3321 1045 3372 utrum
1068 3308 1147 3370 Dio-

106 3411 251 3491 genianus
265 3414 415 3494 singulare
430 3437 508 3500 opus
524 3413 564 3476 de
580 3415 748 3501 proverbiis
767 3412 929 3498 scripserit,
952 3433 991 3474 an
1015 3413 1048 3473 in
1070 3399 1149 3474 lexiss

106 3534 165 3574 con
176 3533 267 3575 suum
279 3518 439 3599 proverbia
458 3519 619 3603 receperit,
642 3537 681 3578 ex
703 3537 764 3600 quo
783 3516 886 3590 nescio
906 3514 972 3598 quis
992 3534 1029 3575 ea
1044 3534 1148 3576 excer-

105 3617 181 3701 psit:
206 3618 257 3676 cfr.
271 3615 387 3682 Fabric.
407 3618 488 3683 Bibl.
506 3617 559 3683 Gr.
580 3618 642 3696 lV,
657 3639 690 3679 c.
703 3616 771 3695 IX,
792 3615 819 3699 b.
841 3616 917 3680 Νι
939 3625 1078 3677 nostrum
1094 3626 1149 3695 est,

107 3737 144 3780 ea
165 3737 299 3802 quoque,
322 3742 398 3804 quae
419 3744 437 3785 e
458 3724 536 3786 libro
557 3721 597 3783 de
608 3718 777 3805 proverbiis
796 3718 1030 3804 perspiciuntur,
1051 3717 1150 3803 respi-

107 3830 183 3882 cere.
235 3817 428 3907 Impugnavit
447 3837 646 3910 autumpnae
669 3817 780 3884 Suidas
802 3818 842 3882 de
860 3820 1150 3905 paroemiographis,
1221 3834 1231 3851 ⁴
1262 3902 1265 3907 Ι

106 3923 246 3987 Zenobio
260 3935 292 3985 et
305 3922 509 4006 Diogeniano,
519 3914 653 4010 photulit,
677 3944 770 4009 quem
781 3935 942 4008 utrumque
952 3921 992 3984 ad
1006 3921 1152 3991 Hadriani
1191 3836 1267 4039 ς·

107 4039 237 4090 aetatem
249 4028 377 4106 rettulit,
399 4026 507 4091 Sarius
528 4028 577 4090 his
597 4028 698 4103 verbis
719 4025 809 4108 „Sed
824 4046 921 4113 quum
940 4035 1066 4108 uterque
1078 4045 1152 4109 pro-
1229 4038 1236 4053 ··

941 4132 963 4193 5
1170 4129 1175 4136 .
