2534 4644
330 264 363 327 gh
773 318 813 381 ..2⁴3
1095 262 1138 326 ²⁶

99 434 263 521 ὀνόματα,
284 433 420 512 καὶτὰς
441 392 510 498 ταῖν
529 427 665 516 βιβλίων
686 380 887 512 ἐπιγραφὰς,
915 423 1004 492 ἔνθα,
1019 424 1138 512 φέρον-

97 563 168 619 ται,
203 535 263 616 τάς
283 559 318 603 τε
343 531 557 619 κολασήμοος
583 525 697 596 αὐτῶν
723 529 953 613 παραδραμεῖν
972 527 1029 595 καὶ
1055 524 1137 594 ἆσαι·

98 646 172 726 τρεῖς
196 643 404 723 παραλιπεῖν.
442 633 519 703 δέον
542 632 577 700 δὲ
608 630 663 699 καὶ
695 629 732 706 ἐν
753 624 889 705 ταύταις
911 626 1047 716 ἑκάστης
1068 632 1138 697 δια-

98 742 211 828 φόρου
233 740 383 816 διανοίας
410 735 471 823 τήν
491 732 709 820 παράστασιν
721 729 786 799 teo*
815 735 874 818 τῆς
892 736 961 797 τοῖν
981 730 1138 817 ηρησαμέ·

98 867 167 910 νων
188 839 318 928 μνήμης
348 845 536 925 παρασχεῖν.
570 833 687 902 ’Ἀτινα
706 832 879 919 σύμπαντα
900 832 956 900 καλ
977 839 1034 920 τῆς
1050 846 1138 917 παρ’

98 943 195 1029 ήμῶν
209 942 400 1026 ’ἐπιμελείας
418 935 588 1026 δεηθέντα
615 936 700 1004 acroi
729 933 871 1020 δύναμιν
897 933 1051 1020 τετύχηκε
1078 933 1139 1001 παλ-

100 1063 160 1132 σης
176 1047 240 1120 li),
277 1044 314 1112 ἐν
342 1041 484 1133 δευτέρῳ
517 1038 666 1126 κειμένης
694 1043 752 1126 τῆς
778 1043 846 1106 τῶν
880 1041 1139 1124 φιλιπιτιμητιδν

99 1190 306 1203 —n-———

98 1265 246 1320 meticorum
263 1283 310 1320 usn
328 1283 411 1335 aeque
427 1269 507 1335 atque
524 1281 556 1318 ex
573 1262 702 1332 Hesychii
722 1263 807 1334 ipsius
828 1261 1044 1332 interpretatione
1060 1261 1140 1315 intel·

97 1335 197 1404 ligitur.
233 1336 346 1389 Easdem
364 1334 429 1387 enim
446 1351 525 1388 voces
545 1341 635 1402 postea
653 1336 778 1388 σπανίων
795 1331 943 1402 εἰρημένας
957 1332 1071 1396 vocavit,
1087 1330 1106 1387 i.
1115 1348 1138 1384 a.

99 1411 189 1457 contra
207 1405 339 1472 vulgarem
356 1420 429 1454 usum
453 1408 480 1455 et
503 1401 712 1456 consuetudinem
730 1402 821 1456 dictas.
857 1402 952 1470 Neque
971 1399 1023 1451 alia
1039 1399 1141 1452 ratione

99 1490 187 1525 vocem
209 1471 330 1525 adhibuit
350 1470 480 1524 Diodorus
503 1470 618 1524 Polionis
634 1471 717 1536 filius,
742 1471 802 1541 qui,
824 1475 854 1523 ut
878 1469 973 1523 Suidas
991 1485 1011 1520 ε.
1029 1486 1056 1520 ν.
1075 1471 1141 1522 Πω-

99 1542 167 1594 λλων
181 1542 280 1605 refert,
299 1537 450 1609 ,,δξήγησιν
466 1540 522 1593 τῶν
545 1538 722 1608 ζητουμένων
739 1535 818 1606 παραὶ
835 1543 895 1600 τοῖς
916 1537 984 1592 δέκα
999 1535 1140 1605 ῥήτορσι“

100 1608 251 1679 composuit
294 1609 393 1663 Eodem
415 1609 489 1663 modo
512 1609 669 1662 Parthenius
692 1609 797 1678 scripsit
820 1608 884 1674 περλ
902 1609 959 1660 τοῖν
981 1603 1060 1675 παρὰ
1082 1609 1141 1668 τοῖς

97 1676 335 1746 Ἱστοριογράφοις
355 1678 452 1744 λέξεων
477 1677 669 1745 ζητουμένωνς
692 1679 831 1732 secundum
848 1678 1021 1739 Athenaeum,
1045 1675 1097 1740 xl,
1114 1693 1140 1746 p.

98 1747 159 1811 467,
178 1764 210 1813 a,
226 1755 254 1799 et
270 1747 446 1801 Philostratus
464 1765 507 1821 ap.
522 1748 596 1800 Suid.
610 1766 633 1803 s.
646 1765 672 1802 v.
698 1745 853 1814 ζητούμενα
866 1742 943 1812 παραὶ
957 1750 1016 1808 τοῖς
1026 1743 1142 1814 ῥήτορσι

100 1816 190 1870 edidit.
231 1816 289 1871 Cir.
308 1816 400 1869 Valclr.
428 1817 526 1886 Opusc.
550 1820 655 1900 p.162.
691 1817 750 1871 Alia
771 1816 856 1870 sciens
881 1822 1027 1885 praetereo.
1061 1816 1142 1867 Hem-

100 1884 223 1938 sterhusii
238 1891 329 1938 eontra
345 1881 485 1955 ἐξηγήσεις
496 1887 560 1939 tem
576 1903 628 1939 non
645 1904 737 1956 posse,
755 1885 867 1939 dilucide
881 1883 996 1938 ostendit
1011 1883 1054 1947 id,
1072 1882 1142 1953 quod

100 1953 246 2024 oppositum
270 1963 313 2007 est
334 1953 383 2018 τοὶς
403 1952 583 2022 παλατήμοος
605 1952 699 2010 αὐτῶν
725 1972 762 2008 sc.
800 1955 859 2008 cois
885 1952 991 2019 λέξεων.
1032 1952 1086 2006 Sed
1114 1951 1142 2004 id

99 2023 109 2075 ³
128 2019 389 2144 attollitis
400 2031 440 2144 :l
451 2022 732 2162 qttltllt’tlb
746 2023 1051 2145 litttttll‘tn
1067 2020 1143 2158 {ss'i'ss‘

329 2127 337 2156 ‚
899 2131 905 2144 ,
1131 2118 1143 2131 .

102 2176 134 2211 ca
149 2159 231 2211 verba
254 2159 334 2212 latine
350 2159 466 2214 reddidit
488 2162 540 2214 ita:
564 2162 692 2226 „Mallem
709 2130 786 2226 νείο,
809 2167 838 2213 ut
856 2161 980 2230 pleraque
997 2158 1143 2212 Proverbia

101 2244 152 2280 non
177 2227 247 2279 nude
270 2234 298 2280 et
320 2229 420 2297 absque
444 2231 607 2298 Argumentis
633 2229 779 2299 posuisset3
807 2246 892 2296 nequa
914 2229 1059 2291 Venabula,
1077 2242 1144 2297 quae

102 2295 309 2364 conquisiverat,
336 2298 475 2351 ductorum
497 2316 600 2352 suorum
624 2297 768 2352 nominibus
784 2297 924 2361 destituta,
948 2303 975 2349 et
992 2295 1096 2349 Titulos
1110 2293 1144 2346 ll·

101 2367 219 2428 brorum,
236 2365 263 2418 in
286 2365 380 2435 quibus
398 2367 540 2432 habentur,
583 2385 684 2436 useqne
701 2383 733 2419 ex
750 2365 783 2418 iis
802 2364 971 2434 [vocabulis]
990 2365 1078 2417 varias
1095 2364 1144 2417 ha·

100 2436 164 2487 bent
180 2433 398 2502 significationes,
416 2434 510 2491 leviter
532 2436 666 2505 attigisset
679 2440 778 2489 tantum
797 2442 824 2488 et
840 2435 963 2488 obscures
979 2431 1145 2501 reliquisset:

101 2520 177 2572 quum
195 2503 343 2572 oportuerit
365 2511 443 2570 cett,
467 2506 495 2558 in
512 2505 606 2575 quibus
623 2512 715 2575 aperte
731 2503 856 2558 distraxit
873 2502 1068 2571 coniungenda,
1091 2500 1144 2555 dis-

100 2572 228 2625 trahenda
245 2579 329 2626 autem
347 2573 495 2627 coniunxit:
514 2581 543 2628 ut
560 2574 623 2627 nihil
640 2575 725 2628 dicam
744 2574 777 2628 de
794 2590 883 2627 errore
899 2572 925 2625 in
943 2570 1051 2624 vocibus
1068 2569 1147 2636 „cole

101 2637 268 2708 δζητημένας
289 2643 346 2695 ταῖν
369 2641 492 2708 λέξεων*
514 2643 715 2713 interpretandis
739 2641 882 2697 commisso.
922 2640 985 2694 Mea
1002 2639 1106 2710 quidem
1123 2639 1146 2693 si

101 2727 165 2763 vera
182 2718 222 2762 est
239 2711 384 2774 sententia,
402 2712 546 2781 Hesychius
562 2713 613 2765 duo
629 2711 814 2782 reprehendit,
835 2709 943 2779 primum
960 2709 1030 2777 qnod
1048 2709 1147 2777 Dioge-

103 2777 193 2829 nianus
210 2778 404 2846 proverbiorum
421 2786 575 2849 argumenta
591 2781 723 2842 omiserit,
751 2778 846 2831 deinde
864 2794 943 2830 voces
960 2784 988 2829 et
1004 2776 1147 2830 insolenter

103 2844 249 2909 adhibitas,
277 2850 304 2897 et
330 2847 409 2899 multa
433 2847 611 2916 significantes
635 2847 729 2900 leviter
751 2845 873 2914 attigerit
900 2852 928 2896 et
944 2845 1068 2898 obscuras
1084 2845 1147 2897 r'eli-

102 2913 197 2985 querit.
232 2913 274 2966 lta
297 2913 364 2967 enim
388 2916 439 2969 iam
456 2923 534 2970 antea
551 2916 693 2985 proverbia
716 2921 744 2968 et
761 2931 842 2968 voces
860 2913 1002 2983 separavit.
1037 2912 1148 2967 Praeter

102 3000 180 3038 voces
203 2983 372 3051 ζητονμὲνας
389 2993 475 3039 autem
499 2985 533 3038 ad
558 2982 738 3052 πολνσήμοας
772 3001 858 3054 noque
875 2982 987 3035 animum
1002 2981 1149 3038 advertisse

135 3052 297 3118 ammaticos,
315 3059 345 3105 ut
362 3055 443 3108 multa
461 3054 511 3108 alin
529 3055 686 3116 ostendunt,
702 3053 741 3107 ita
782 3051 870 3122 ongini
888 3052 956 3105 liber
972 3050 1069 3114 docet,
1087 3049 1149 3103 Sui·

102 3071 151 3175 lle
168 3138 189 3174 s.
207 3140 232 3174 v.
250 3125 573 3191 Amisos-memoratus,
598 3123 687 3191 ,,περλ
700 3125 757 3177 triu
778 3116 850 3189 παρ’
868 3115 982 3188 Ὁμήρῳ
997 3116 1086 3174 πολλοὶ
1100 3131 1150 3190 ση-

102 3191 264 3260 μαινοαοοῖν
282 3192 416 3257 λέξεων.“
458 3192 575 3245 Membra
597 3193 680 3261 igitur
703 3193 742 3246 ita
764 3193 816 3246 sibi
833 3189 1007 3261 respondent=
1034 3185 1149 3258 μήτε-

103 3256 186 3329 μήτις
204 3259 297 3314 deinde
314 3261 365 3313 sibi
381 3268 548 3331 opponuntur
564 3257 615 3322 τδς
636 3259 802 3331 ἐζητημένας
822 3260 879 3313 τῶν
895 3258 995 3326 λέξεων
1007 3288 1042 3296 -
1054 3255 1107 3320 τοῖς
1121 3276 1150 3314 τε

104 3326 284 3398 πολνσήμονς
300 3326 395 3383 αὐτοῖν
419 3329 553 3397 (fortasse
576 3331 713 3399 legendnm
735 3329 786 3393 τάς
811 3347 841 3384 τι
860 3325 1062 3395 ζητονμένας).
1095 3327 1150 3380 Iam

105 3414 156 3468 quo
173 3399 247 3452 modo
264 3399 369 3452 rariora
384 3399 510 3452 vocabula
526 3401 637 3452 obseura
653 3399 745 3452 relicta
763 3400 834 3463 sint,
852 3398 973 3451 additur:
991 3391 1045 3450 oda
1066 3392 1151 3464 ἕηοδ-

105 3483 156 3527 σας
169 3463 205 3518 τό
220 3485 249 3522 τε
264 3495 299 3506 -
314 3467 362 3522 καλ
375 3463 485 3531 ταὶς-ς
509 3466 629 3535 idemque
645 3467 679 3520 de
695 3468 829 3522 vocabulis
846 3466 925 3520 multa
943 3464 1151 3548 significantibus

105 3533 287 3658 plraedieatnn
305 3537 419 3590 membro
437 3536 527 3591 addito
544 3535 636 3600 „dior
655 3533 713 3589 δδ“
730 3543 793 3590 cett
811 3552 879 3606 quae
898 3535 955 3587 sina
973 3541 1043 3587 iusta
1060 3549 1152 3587 caussa

132 3609 205 3656 amat.
224 3602 383 3660 sollicitavit.
428 3606 550 3659 Ceteram
573 3605 725 3660 monendum
751 3611 806 3669 est,
831 3604 965 3657 Musarum
982 3608 1044 3656 ante
1059 3618 1151 3656 roem

105 3671 397 3744 παραδραμεῖν-μή,
416 3674 485 3743 quod
496 3675 589 3728 aberat
605 3674 632 3726 in
650 3674 755 3738 codice,
773 3681 870 3727 temere
887 3671 1049 3735 adiunxisse,
1067 3678 1095 3724 et
1110 3669 1151 3723 in-

105 3748 238 3812 terpretes
264 3741 395 3798 fefellisse.
444 3743 474 3796 ln
503 3743 671 3811 sequentibus
700 3759 789 3796 vocem
814 3739 988 3810 παράστασις
1009 3739 1152 3811 explicavit

106 3810 208 3865 hiberti
235 3808 269 3862 ad
296 3810 322 3861 h.
347 3811 366 3862 l.
417 3812 491 3866 Δδδε
522 3812 628 3866 δελετεδ.
655 3811 689 3866 ad
712 3813 795 3880 (λιες.
820 3809 937 3864 Corinth.
960 3826 987 3880 p.
1009 3806 1071 3864 415.
1095 3825 1152 3878 seq

106 3881 199 3934 Morus
218 3876 353 3931 Animadr.
377 3877 404 3930 in
420 3879 474 3933 Lan
494 3880 528 3933 'm
551 3898 577 3951 p.
595 3883 640 3936 29.
664 3881 743 3935 thn
759 3878 840 3934 indic
862 3878 983 3933 (irascit.
1000 3877 1034 3933 ad
1051 3875 1152 3932 nehem

106 3950 141 4002 V.
160 3950 195 4002 H.
213 3944 319 4017 [ιι-430.
338 3962 359 3999 s·
378 3963 403 3999 v.
421 3962 477 4017 παρ
490 3965 581 4019 στημι.

109 4041 112 4045 -
179 4016 226 4085 1⁶)
248 4014 341 4086 πάσης
364 4030 415 4070 noa
441 4017 574 4089 pertinere
590 4019 626 4075 ιδ
641 4015 788 4091 μίμνων,
805 4019 851 4074 ⁸⁰11
868 4016 903 4074 “l
919 4013 1074 4086 &lilium
1090 4030 1152 4070 Μ·
