2558 4650
39 922 78 1007 '¹
155 998 163 1028 ··
389 979 626 1075 carur
663 974 957 1123 ruruuu.

116 1172 124 1185 χ
177 1206 502 1293 ommcoaou
528 1219 593 1286 oe
614 1213 810 1284 uexrco
836 1211 1173 1282 uesrcumuo

282 1394 287 1403 .
349 1333 995 1423 ‘oriuiouusrorrssruna
1135 1355 1138 1358 -

569 1513 780 1529 *Ι-

152 1635 312 1747 Non'est
332 1679 549 1759 dubitandum,
577 1679 651 1766 quin
672 1676 867 1759 Hesychiana
888 1694 1061 1754 graecarum
1083 1696 1196 1741 vocum

155 1785 293 1848 collectio
304 1805 378 1869 prae
391 1784 513 1845 ceteris
528 1779 663 1845 Graecae
683 1778 865 1864 antiquitatis
887 1776 1148 1842 studiaadiuverit
1166 1793 1197 1844 et

154 1886 351 1973 amplificarit.
394 1882 458 1946 Sed
479 1884 543 1945 iam
559 1882 647 1970 apud
668 1883 802 1968 primum
815 1878 963 1941 editorem
976 1901 1088 1960 magna
1100 1883 1139 1944 de
1158 1883 1196 1945 li-

152 1993 209 2054 hro
222 1987 383 2050 utilissimo
402 1996 521 2071 reperto
541 1987 653 2049 laetitia
672 1986 752 2047 iusto
770 1982 874 2044 nescio
896 2003 935 2042 an
959 1982 1071 2045 iniusto
1090 1984 1196 2048 dolore

154 2071 309 2155 debilitata
329 2098 384 2152 est.
428 2087 518 2166 „Sed
537 2086 654 2165 illud,“
682 2087 724 2149 ait
741 2083 843 2147 Aldus
866 2085 899 2145 in
921 2085 1048 2170 epistola
1065 2085 1106 2146 ad
1117 2084 1196 2148 Bar-

154 2191 327 2269 dellonum,
355 2187 550 2268 „admodum
568 2187 737 2251 dolendum
748 2198 806 2266 est,
830 2184 912 2272 quod
925 2186 1029 2247 nescio
1049 2188 1132 2250 cuius
1146 2189 1195 2250 in-

153 2296 233 2357 curia
254 2291 489 2355 Proverbiorum
502 2303 693 2371 argumenta,
723 2312 800 2376 quae
821 2288 1031 2376 praetenuissa
1046 2310 1064 2350 a
1078 2287 1193 2369 Dioge-

95 2474 97 2482 Ι
152 2397 245 2457 niano
260 2394 432 2476 Hesychius
448 2391 639 2472 adiunxerat,
660 2405 726 2454 tum
742 2392 873 2477 plurium
890 2390 1058 2454 dictionum
1073 2404 1105 2455 et
1118 2415 1194 2479 quae

151 2497 279 2559 rariores
299 2507 370 2558 sunt
391 2495 602 2574 authoritates,
631 2516 705 2580 quas
731 2493 841 2578 isipse
863 2491 1036 2574 Hesychius
1060 2495 1194 2560 studiose

152 2595 326 2675 addiderat,
347 2598 483 2659 sublatae
497 2606 568 2658 sunt
581 2616 704 2658 summo
721 2593 928 2658 studiosorum
948 2596 1146 2661 incommodo
1164 2611 1195 2662 et

151 2700 273 2760 iactura.
281 2698 300 2731 “
355 2697 504 2780 Hesychii
526 2698 610 2760 enim
628 2698 742 2778 lexico,
771 2703 859 2786 quale
882 2723 963 2764 nunc
985 2713 1134 2787 superest,
1161 2703 1194 2763 in

151 2801 229 2864 libro
249 2802 454 2887 manuscripto
474 2801 661 2881 grammatici
681 2802 722 2864 ad
732 2801 910 2884 Eulogium,
932 2805 1072 2884 ignotum
1091 2804 1195 2864 homi-

150 2924 242 2978 nem,
263 2905 390 2989 epistola
405 2905 571 2990 praemissa
585 2905 744 2991 repetitum,
771 2927 830 2990 qua
843 2918 912 2967 tota
926 2905 995 2967 libri
1010 2904 1100 2978 ratio,
1122 2907 1195 2965 fon-

150 3015 257 3087 tesque
270 3024 289 3065 e
303 3006 411 3089 quibus
424 3016 563 3092 paratum
575 3007 777 3088 haustumque
798 3007 837 3066 sit
851 3015 881 3064 et
894 3002 1023 3063 auctoris
1037 3002 1102 3061 eius
1119 3022 1193 3061 con-

150 3104 253 3166 sili'um
264 3106 399 3191 pluribus
411 3109 513 3171 verbis
525 3107 718 3192 explicantur.
767 3103 834 3166 Iam
846 3125 939 3188 quum
953 3121 1030 3188 quae
1045 3101 1089 3164 ibi
1104 3124 1193 3164 enar-

150 3217 252 3268 rantur
271 3229 342 3271 cum
359 3207 508 3272 hodierna
528 3209 597 3272 libri
616 3209 716 3268 forma
737 3228 801 3268 non
821 3227 942 3292 prorsus
964 3206 1126 3269 convenire
1143 3207 1193 3270 vi-

150 3307 257 3388 disset,
280 3310 347 3377 illes
359 3323 394 3373 ut
406 3316 542 3398 querelas
554 3309 695 3372 funderet
708 3320 879 3374 commotus
896 3321 950 3373 est.
994 3309 1101 3394 Neque
1115 3311 1194 3372 inter

82 3401 87 3415 ’
149 3414 330 3496 posteriores
354 3413 472 3476 criticos
498 3413 587 3475 multi
606 3411 716 3497 reperti
735 3424 820 3492 sunt,
848 3413 900 3497 qui
920 3435 938 3474 a
958 3412 1049 3499 primi
1069 3411 1192 3475 editoris

148 3510 260 3575 iudicio
273 3514 456 3576 recederent.
499 3513 611 3576 Daniel
627 3515 786 3592 Heinsius,
813 3514 865 3598 qui
885 3512 1055 3576 admodum
1073 3515 1191 3578 iuvenis

147 3615 180 3676 in
200 3616 356 3697 Hesychio
380 3615 575 3679 emendando
598 3626 734 3681 versatus
763 3627 824 3694 est,
852 3627 886 3681 ut
912 3617 946 3679 in
971 3617 1076 3702 primis
1103 3617 1191 3680 lineis

146 3716 340 3800 praefationis
362 3740 436 3780 suae
454 3717 495 3781 ad
517 3719 664 3800 Hesychii
682 3716 866 3796 editionem,
888 3740 962 3802 quas
983 3718 1105 3782 Alberti
1123 3719 1191 3782 edi-

148 3815 206 3894 dit,
235 3818 354 3879 monuit
371 3821 517 3882 lectorem
544 3842 632 3899 „non
652 3821 753 3906 ipsum
774 3821 834 3881 hoc
854 3820 1000 3904 Hesychii
1016 3843 1093 3908 opus
1112 3845 1189 3902 esse,
1240 3855 1247 3867 =

146 3918 203 3980 sed
217 3920 474 4005 compendiurn“,
496 3925 537 3984 ita
551 3922 661 3985 alicubi
675 3923 708 3983 in
722 3920 827 3985 codice
840 3945 896 3987 suo
909 3925 1067 4011 scripserat
1087 3925 1188 4002 „Hes

147 4022 358 4100 marmaricus
377 4023 482 4087 doetus
495 4026 685 4101 mehercule,
707 4023 790 4087 citius
813 4027 1028 4113 compendium
1049 4027 1112 4089 iam
1131 4027 1189 4089 ha-

184 4366 206 4401 *F
