2534 4644
1099 260 1142 336 61-

105 455 207 508 tuntur
216 443 248 506 in
260 439 418 525 Stephano
428 432 609 517 Byzantino,
632 429 679 494 cui
694 428 726 491 in
742 448 821 493 voce
835 424 992 491 Χολλίδαι
1004 423 1142 488 laudatur

104 546 258 626 Diogenes
290 535 330 621 „d
350 529 528 618 Λαερτιεΰς
545 527 581 596 ἐν
602 524 742 614 δευτέρῳ
763 522 955 612 φιλοσόφον
975 527 1141 610 ἱστορίαν(

103 649 180 732 „qui
210 643 336 721 locus,“
366 641 408 700 ait
436 635 589 702 Fabricius
614 633 671 711 „ni
685 634 724 694 sit
750 642 919 716 corruptus,
949 630 1102 694 Lae’rtium
1122 652 1143 694 a

103 749 198 833 patria
218 745 333 804 dictum
354 760 436 817 esse,
459 759 529 800 cum
546 735 620 799 viris
645 732 826 795 doctissimis
845 732 922 794 mihi
939 731 1145 818 persuadeo.“-

102 847 148 910 At
182 845 267 908 idem
300 842 452 904 Fabricius
484 836 580 900 modo
609 835 743 914 dixerat,
786 832 918 896 eundem
951 832 1142 918 Stephanum

103 950 135 1010 in
166 941 314 1025 Λαὲτοης
353 943 415 1004 duo
451 937 663 1003 tantummodo
696 935 821 996 nomina
857 937 1066 1020 patronymica
1100 941 1141 1005 ab

103 1051 161 1110 bac
195 1049 269 1110 urbe
304 1045 426 1120 afferre,
462 1043 642 1120 Assorinos
666 1048 697 1098 et
722 1031 904 1115 Λαέρτιος,
938 1048 968 1097 et
999 1038 1141 1103 idtirnum

101 1148 177 1212 illud
206 1148 370 1227 elegantius
408 1143 468 1205 dici
502 1139 701 1203 contendisse.
759 1136 824 1217 Qui
854 1149 957 1200 autem
988 1139 1055 1224 ipse
1080 1132 1155 1224 po(

101 1251 157 1312 tuit
171 1251 229 1312 alio
247 1251 292 1310 uti
305 1246 516 1334 patronymico
533 1234 736 1335 Aristotelis?
759 1240 934 1323 praesertim
947 1261 1041 1322 quum
1058 1265 1083 1304 s.
1093 1262 1095 1266 ⁴
1107 1264 1139 1306 v.

100 1350 247 1432 Aonidas
260 1350 387 1411 nomine
399 1340 559 1425 Λαέρτιος
573 1363 647 1404 usus
664 1351 752 1403 esset.
795 1335 880 1416 Quid
893 1351 990 1400 cetera
1002 1363 1140 1406 comme·-

101 1452 242 1513 morem?
286 1447 340 1510 Ab
356 1447 514 1509 Eustathio
534 1455 659 1507 vocatur
681 1435 846 1523 Λαέρτηςς
878 1462 977 1526 neque
998 1444 1140 1529 illepidus

102 1563 149 1613 est
159 1571 266 1612 eorum
276 1552 374 1627 lusus,
397 1549 449 1633 qni
467 1546 595 1608 Homeri
616 1564 740 1607 versum
759 1539 936 1622 „Aroyevir
952 1542 1140 1631 Λαερτιάδη

101 1643 308 1734 πολυμήχαν’
330 1645 508 1713 Ὀδυσσεῦιι
532 1655 749 1730 compararunt.
792 1642 829 1705 ln
843 1639 1086 1730 inscriptionibus
1100 1663 1140 1734 ert

100 1754 234 1836 Augusti
246 1775 323 1816 aevo
344 1760 498 1837 comparet
510 1745 550 1826 Q.
568 1746 716 1822 Laertius,
738 1765 787 1830 ap.
802 1741 918 1808 Gruter.
940 1768 971 1831 p.
983 1754 1065 1828 299„
1102 1751 1140 1820 G,-

100 1856 236 1918 Laiirtius
251 1854 431 1917 Sabinianus
445 1849 527 1937 apud
541 1848 716 1911 Fabrettum
730 1846 840 1931 psol.
861 1847 1028 1911 Nominum
1041 1839 1141 1916 bans-

100 1958 211 2042 positio
233 1951 412 2036 „Aas'psror
434 1946 614 2032 Διογένης“
634 1971 698 2010 non
718 1948 802 2009 aliter
815 1947 937 2028 dicitur,
959 1952 1018 2015 nisi
1030 1965 1063 2014 ut
1076 1956 1142 2018 Ne.

100 2079 159 2142 pos
177 2056 343 2135 Cornelius,
367 2054 490 2138 Crispus
503 2050 660 2113 Salustius.
702 2049 786 2110 Nihil
801 2061 847 2111 est
866 2051 964 2130 igitur,
986 2055 1140 2138 quodne·-

101 2169 179 2221 strae
191 2158 378 2218 coniecturae
393 2157 500 2215 obstet.
534 2150 580 2213 Ita
591 2152 693 2212 hercle
706 2151 824 2234 opinor,
847 2172 954 2214 verum
964 2174 1072 2217 verum
1082 2176 1141 2220 ne·-

101 2259 180 2336 scio,
202 2270 237 2319 ut
257 2257 299 2318 ait
317 2242 449 2317 Plautus.
492 2253 612 2316 Frustra
632 2263 735 2313 tamen
753 2251 785 2312 in
811 2273 904 2336 opere
925 2256 1020 2318 nostri
1029 2269 1094 2321 toto
1109 2271 1141 2322 et

100 2359 272 2438 singulatim
290 2359 322 2419 in
342 2357 405 2421 vita
430 2354 596 2417 Heraclidis
617 2352 735 2433 Pontici
755 2351 820 2413 eius
843 2352 888 2414 rei
908 2357 1035 2437 certiora
1052 2359 1141 2439 signa

100 2463 243 2543 quaesivi.
284 2458 359 2521 Alia
372 2479 429 2519 nec
442 2468 545 2518 tamen
564 2459 628 2517 ullo
644 2453 817 2516 testimonio
832 2457 948 2518 munita
969 2470 1014 2521 cst
1030 2458 1144 2546 Sponii·

99 2562 261 2638 sententia,
284 2561 336 2645 qui
349 2570 426 2622 teste
441 2557 585 2636 Menagio
601 2550 759 2636 Ποταμὸν
771 2557 898 2641 patriam
912 2560 1006 2623 fuisse
1020 2561 1138 2643 Dioge-

88 2665 147 2726 'nis
155 2663 265 2725 latrat
276 2662 310 2722 in
321 2662 428 2722 itinere
442 2681 508 2736 suo,
518 2670 607 2720 tomo
619 2663 660 2734 2,
673 2658 778 2719 nescio
788 2658 871 2719 unde
883 2676 1047 2746 acceperat.
1067 2664 1139 2727 Est-

99 2785 227 2827 nevero
241 2762 368 2822 mutatio
379 2761 457 2821 inter
472 2752 630 2838 Ποταμὸν
644 2769 674 2818 et
688 2752 824 2821 nomon
837 2762 925 2825 orta?
952 2761 1024 2823 Non
1037 2765 1139 2829 credo.

185 2860 365 2923 Dubitatum
378 2871 424 2923 est
438 2870 591 2944 praeterea
611 2856 650 2920 de
667 2868 823 2943 tempore,
845 2881 905 2944 quo
918 2859 1074 2942 Diogenes
1089 2868 1139 2930 vi-

98 2964 159 3044 xit,
181 2962 292 3046 dequo
305 2965 430 3041 longam
442 2960 621 3044 doctamque
634 2958 869 3045 disputationem
880 2963 997 3049 scripsit
1008 2964 1137 3048 Ionsius,

100 3063 162 3127 Scr.
185 3065 225 3126 H.
246 3063 303 3125 Ph.
324 3063 384 3141 ΠΙ,
405 3061 486 3141 XII,
509 3067 538 3126 7.
557 3083 640 3146 seqq.
663 3062 690 3124 si
710 3059 807 3124 modo
828 3062 892 3125 eius
912 3076 958 3127 est
968 3068 1051 3146 laus,
1066 3091 1138 3131 *non

100 3162 207 3243 Gudii,
228 3176 263 3226 ut
273 3167 389 3228 volunt.
417 3161 617 3248 -Quanquam
634 3175 736 3226 autem
751 3166 815 3225 fere
830 3184 938 3227 omnes
952 3167 982 3229 ei
999 3188 1138 3232 assense-

98 3277 181 3345 runt,
203 3288 302 3351 eoque
316 3276 438 3329 auctore
460 3265 613 3328 Lae'rtium
630 3285 695 3325 non
714 3263 756 3326 ad
767 3265 955 3329 Hadrianum
972 3269 1139 3353 imperato-

99 3387 182 3444 rem,
208 3367 269 3430 sed-
284 3366 325 3429 ad
345 3365 494 3430 Severum
510 3366 611 3450 potius
628 3367 817 3443 rettulerunt,
838 3376 942 3428 tamam
958 3392 1021 3431 non
1033 3373 1137 3434 omnia

100 3478 275 3547 argumenta
296 3469 338 3530 ita
357 3480 428 3532 sunt
448 3476 635 3551 comparata,
664 3477 698 3526 ut
716 3467 748 3529 in
768 3469 833 3532 eius
851 3473 1031 3535 sententiam
1054 3476 1138 3537 abire

100 3590 252 3647 cogamur.
294 3567 435 3631 Meminit
449 3568 609 3644 Plutarchi,
626 3564 800 3648 Phavorini,
812 3570 954 3650 Secundi,
965 3574 1016 3656 qui
1028 3579 1136 3637 omnes

100 3670 176 3732 circa
197 3668 320 3732 Traiani
344 3680 375 3730 et
394 3669 541 3733 Hadriani
565 3680 695 3731 aetatem
713 3670 861 3736 vixerum
911 3671 1036 3754 Fateor3
1063 3674 1138 3739 inde'

99 3783 201 3834 autem
226 3792 290 3831 non
318 3771 464 3854 sequibrr,
493 3770 586 3852 Diog.
611 3771 765 3835 Lae'rtium
787 3785 866 3859 post
896 3772 972 3838 illos
995 3775 1136 3854 vixisse3

98 3873 202 3937 virere
218 3871 302 3933 enim
317 3893 387 3953 cum
406 3873 480 3950 illis,
505 3884 576 3958 post
595 3895 649 3936 eos
669 3874 798 3937 scribere
815 3876 922 3961 potuit.
964 3876 1051 3940 Vixit
1065 3891 1137 3964 post

99 3973 225 4037 Sextum
249 3972 442 4058 Empiricum
466 3974 588 4058 musque
615 3974 797 4060 discipulum
822 3975 1031 4059 Saloninum,
1066 3981 1136 4064 quia
