2534 4644
374 981 968 1075 enarrarre
1123 962 1127 973 *

565 1201 773 1212 -a-——a--u—

149 1311 306 1416 Trecenti
329 1356 360 1410 et
379 1345 516 1410 sedecim
536 1348 609 1410 anni
628 1348 857 1434 praeterierint,
880 1365 920 1408 ex
931 1365 990 1429 quo
1008 1341 1109 1408 Aldus
1123 1344 1192 1408 Ma·
1221 1352 1264 1429 ’,ξ

148 1448 250 1510 nntius
262 1469 405 1527 graecum
418 1448 554 1528 lexicon,
577 1452 625 1512 cui
639 1451 788 1532 Hesychii
804 1447 994 1531 'grammatici
1007 1445 1192 1513 Alexandri·
1229 1442 1266 1541 ,ξ’

149 1548 183 1609 ni
195 1569 311 1610 nomen
331 1549 507 1636 inscriptum
520 1552 642 1631 legion,
665 1575 683 1615 e
701 1550 849 1630 tenebris,
871 1551 981 1634 quibus
996 1549 1129 1611 obsitum
1145 1550 1192 1611 ia-

151 1661 266 1728 cuerat,
301 1651 333 1712 in
357 1655 459 1714 lucem
485 1654 635 1718 evocavit.
685 1652 828 1720 Debebat
845 1650 921 1714 illud
945 1648 1055 1713 loanni
1077 1649 1191 1714 Iacobo

147 1747 333 1815 Bardellono
346 1751 530 1829 Mantuano,
552 1755 603 1836 qui
616 1752 755 1817 codicem
765 1776 857 1840 quem
869 1750 1061 1838 possidebat,
1082 1774 1192 1815 manu-

146 1853 304 1938 scriptum,
325 1864 360 1914 ut
379 1853 459 1938 typis
480 1873 571 1937 quam
588 1853 721 1938 primum
734 1850 943 1930 excuderetur,
964 1873 1027 1912 non
1043 1854 1111 1915 sine
1124 1856 1192 1915 lau-
1234 1857 1240 1868 '

148 1951 242 2017 dabili
261 1955 438 2018 liberalitate
451 1954 598 2018 Venetias
617 1956 751 2018 miserat.
791 1952 841 2015 Ex
864 1973 902 2015 eo
919 1963 1058 2038 tempore
1078 1955 1191 2018 libera

147 2054 257 2117 Marco·
271 2054 397 2118 illusuro
418 2058 589 2136 recognitus
608 2055 850 2139 emendatusque·
865 2066 895 2116 et
915 2057 953 2117 ab
972 2050 1059 2116 Aldo
1082 2053 1190 2134 editus,

147 2152 182 2214 id
194 2153 277 2239 quod
296 2156 341 2216 illi
360 2156 586 2239 praeviderant,
610 2155 677 2235 (cfr.
695 2155 773 2218 Aldi
787 2155 828 2218 ad
839 2153 1060 2237 Bardellonum
1076 2142 1191 2243 episto-¹

146 2257 177 2316 la
195 2254 391 2335 Hesychiano
414 2255 517 2321 lexico.
535 2257 702 2342 praemissa
727 2267 758 2319 et
781 2258 821 2319 ab
841 2238 972 2317 litberto
989 2257 1023 2317 in
1045 2257 1190 2343 adparatu

146 2356 343 2439 Hesychiano
357 2357 503 2443 repetita)
524 2356 558 2420 in
569 2361 653 2423 nullo
667 2359 728 2421 alio
746 2356 852 2420 codice
865 2366 1000 2442 repertu
1011 2369 1067 2422 est.
1111 2355 1198 2437 Qui-¹
1260 2404 1263 2409 -

82 2452 87 2461 ⁸
147 2481 264 2544 cunque
278 2459 362 2521 enim
377 2457 417 2522 ad
429 2471 565 2522 nostram
576 2482 672 2546 usque
687 2471 818 2524 aetatem'
829 2481 919 2546 spem
932 2456 1081 2538 aluerant,
1104 2481 1191 2522 eam-

145 2583 205 2646 que
219 2562 339 2647 publice
359 2563 490 2647 professi
508 2563 542 2624 in
559 2563 688 2626 aliorum
709 2565 819 2628 animis
831 2565 1052 2628 excitaverantr
1073 2566 1190 2625 forent

145 2662 221 2726 novi
240 2661 396 2746 prodirent
415 2662 551 2745 codices,
574 2676 605 2728 et
622 2665 795 2730 adiumenta
811 2669 850 2730 ab
866 2666 1008 2729 omnibus
1019 2665 1189 2729 vehemen-

144 2773 191 2825 ter
211 2762 380 2824 desiderata
398 2765 556 2828 afferrent:
578 2766 601 2826 ii
620 2788 729 2831 ornnes
748 2771 856 2831 frustra
871 2768 968 2848 gavisi
982 2788 1049 2831 esse
1059 2769 1188 2829 laetam-

146 2884 205 2949 que
230 2864 395 2924 hominurn
424 2867 680 2948 exspectationem
704 2868 849 2929 fefellisse
867 2868 1017 2932 videnuu.
1065 2865 1111 2929 lta
1133 2888 1188 2928 ex-

144 2976 225 3028 stant
241 2963 353 3027 codicis
368 2966 508 3045 vestigia,
531 2967 583 3051 qui
602 2971 723 3031 saeculo
741 2968 871 3053 septimo
892 2969 1012 3032 decimo
1030 2967 1064 3030 in
1076 2967 1189 3031 biblio-

142 3069 232 3130 theca
244 3065 386 3130 Medicea
400 3064 571 3131 Florentiae
584 3083 720 3134 servatus
737 3071 810 3149 fuit,
830 3092 911 3132 nunc
925 3081 1028 3132 autem
1042 3080 1189 3153 quantum
1258 3112 1261 3117 -

142 3170 256 3234 scimus
276 3169 404 3232 amissus
424 3180 485 3247 est,
515 3172 567 3232 cfr.
590 3169 689 3238 Alter.
710 3173 744 3234 in
757 3170 893 3252 Allgern.
905 3172 1027 3235 litterar.
1044 3168 1125 3233 Anz.
1140 3193 1186 3233 nr.

142 3276 194 3337 27.
220 3275 311 3349 1796,
332 3292 363 3355 p.
384 3275 458 3334 299,
480 3292 543 3356 seq.
563 3282 594 3334 et
609 3271 714 3337 Eberti
734 3274 934 3359 bibliograph.
956 3272 1091 3336 Lexicon
1108 3293 1134 3334 s.
1154 3292 1185 3337 v.

143 3372 326 3455 Hesychius.
368 3369 490 3434 Deinde
503 3370 650 3439 Albertus
663 3378 770 3453 refert,
792 3396 827 3436 se
840 3377 879 3436 ab
896 3373 1019 3436 Thoma
1030 3371 1185 3451 Brunone,
1203 3408 1205 3413 >

143 3473 389 3541 Windesoriensi
406 3471 576 3554 Canonico,
595 3473 825 3541 inadversariis
842 3475 918 3538 Mss.
932 3476 1054 3539 citatum
1070 3473 1185 3539 vidisse

142 3576 332 3657 Hesychium
343 3575 408 3638 eius
421 3573 552 3657 Mstum,
574 3576 631 3643 sed
643 3578 721 3641 nihil
731 3581 807 3643 ulna
819 3578 1015 3658 cognovisse,
1036 3580 1131 3661 praef.
1144 3575 1185 3637 ad

142 3677 280 3759 Hesych.
297 3698 322 3740 s.
335 3677 390 3744 Ν.
406 3679 433 3763 ᾗ.
454 3687 483 3745 1.
525 3676 617 3758 Quae
636 3668 739 3745 autem
755 3704 852 3768 nuper
871 3680 998 3761 demum
1015 3676 1054 3739 de
1070 3675 1184 3739 codici-

96 3777 289 3863 ,j-lrusplim
301 3770 570 3868 <Constantinopoli
588 3782 690 3862 lectis,
711 3784 789 3845 inter
808 3804 885 3867 quos
897 3780 1044 3862 Hesychii
1062 3779 1185 3861 lexicon

140 3882 331 3961 nominauit,
359 3880 493 3964 Paullus,
521 3885 684 3966 theologus
709 3885 934 3962 celeberrimus,
963 3881 1116 3946 disseruit:
1146 3866 1183 3943 ee

140 3984 266 4073 quidem
278 3984 413 4064 nemini,
434 3997 468 4048 ut
483 3987 592 4074 opinor
606 4026 645 4039 -
658 4000 723 4053 tam
734 3989 847 4052 incerta
860 3997 932 4052 sunt
944 3984 1048 4049 omnia
1060 4020 1098 4030 —
1114 4000 1182 4045 me-

985 4108 1003 4133 s·
1055 4090 1074 4109 ³*
1132 4086 1156 4119 ‘¹‘

937 4088 1005 4185 23¹¹
1101 4152 1106 4166 l
