2534 4644
152 283 193 344 ts

20 474 24 479 ·
151 438 239 530 artua
257 446 491 510 instrumentum
507 442 563 506 ista
583 440 624 505 ad
637 440 801 522 Eulogium
824 440 1202 527 epistola'contaminari.“

151 528 311 627 Alberius,
338 546 554 609 celeberrimus
575 543 723 626 Hesycbii
744 543 858 632 editor,
888 528 982 628 quain
1002 544 1203 608 Valckenarii

150 651 333 732 sententiam
351 651 529 733 impugnare
549 662 680 741 efflue
698 647 831 709 rationes
851 647 881 708 ei
903 647 1064 709 contrarias
1075 651 1202 732 praefa-

150 750 391 943 tiQpecundo
416 748 567 813 volumini
585 747 807 834 ¹praemittenda
817 734 1010 834 expromere
1027 751 1201 832 statuisset3

223 900 239 921 .-
258 848 261 853 ’
280 856 325 918 'us
350 862 573 938 praematuram
601 864 734 914 mortem
755 850 957 913 Ruhnkenius
974 852 1104 914 libenter
1130 853 1201 915 eius
1256 923 1257 928 η

151 970 251 1045 partes
269 956 401 1043 suscepit
419 952 715 1061 Valckenariumque
739 953 867 1015 meliora
892 954 1023 1019 edocuit.
1073 956 1129 1020 Ille
1150 970 1202 1021 ta·

153 1083 227 1152 men
255 1081 292 1121 ea
308 1058 369 1122 sibi
389 1056 492 1119 doceri
518 1077 581 1117 non
602 1056 709 1141 passus
730 1066 785 1117 est.
834 1053 941 1115 Paullo
970 1069 1041 1140 post
1062 1059 1146 1119 enin
1165 1060 1201 1121 in

42 1144 46 1149 ¹
152 1161 356 1238 ibeocriteis,
377 1161 460 1221 nulla
473 1156 905 1236 Ruhnkeniirarionehabiu,
928 1144 1060 1221 eandem
1073 1172 1200 1223 senten

137 1267 228 1356 tipm
247 1256 408 1350 repetiitp
423 1263 497 1324 299.
538 1255 624 1336 „Ista
651 1257 803 1342 epistola“
833 1260 875 1320 ait
901 1280 1028 1339 „rermn
1051 1265 1200 1324 falsarum

154 1380 185 1432 et
209 1365 407 1432 absurdarum
434 1365 524 1447 plena
551 1381 673 1445 prorsus
700 1361 776 1421 nihil
800 1363 987 1443 continetur,
1026 1363 1110 1448 quod
1131 1368 1199 1428 ullo

90 1484 115 1529 r
152 1469 249 1533 modo
276 1465 461 1552 respondeat
486 1463 638 1543 glossariis
663 1461 894 1546 antiquissimis,
926 1467 992 1529 sive
1012 1467 1199 1551 optirnarum

152 1592 268 1646 renun,
317 1587 392 1651 quas
419 1567 496 1628 liber
521 1563 733 1644 Hesychianus
767 1568 969 1651 amplectitur,
1020 1568 1199 1648 dignitate.“

153 1670 261 1751 Quid?
291 1666 374 1753 quod
387 1667 508 1746 longius
530 1667 564 1727 in
585 1664 711 1725 audacia
739 1686 794 1727 sua
820 1669 1023 1752 progreditur,
1046 1670 1199 1735 eundem-

148 1795 213 1860 que
231 1773 405 1848 hominem,
427 1770 479 1853 qui
499 1767 613 1830 Suidae
632 1768 732 1830 lexico
754 1770 864 1831 falsam
884 1773 1113 1858 inscriptionem
1134 1775 1199 1839 im·
1257 1776 1265 1799 ''

152 1874 302 1962 posuerit,
323 1876 402 1936 hanc
416 1892 545 1956 quoque
565 1870 726 1955 epistolam
741 1872 899 1956 scripsisse
915 1885 946 1935 et
960 1875 1083 1936 titulum
1094 1878 1197 1940 lexico

153 1960 344 2068 praemisisse
362 1976 537 2059 suspicatur.

188 2158 190 2165 y
238 2079 305 2142 Etsi
331 2076 550 2141 Valckenarius
583 2076 650 2160 ipse
678 2076 869 2157 Hesychium
902 2080 992 2141 lexici
1016 2081 1198 2167 scriptorem

153 2182 316 2263 agnovisse
334 2179 469 2245 ridetur:
501 2183 605 2240 minen
627 2188 764 2263 apertum
783 2192 843 2258 est,
865 2181 893 2242 si
910 2203 1017 2245 verum
1039 2204 1107 2247 esse
1128 2187 1197 2249 eius

130 2355 134 2367 .
150 2283 194 2346 de
213 2285 339 2369 epistola
351 2281 392 2344 ad
405 2281 569 2361 Eulogium
585 2277 732 2341 iudicium
750 2282 923 2363 statuimus,
943 2283 1016 2350 inde
1029 2287 1114 2372 sequi
1124 2307 1195 2348 ma-

154 2407 247 2468 gnam
268 2384 307 2447 de
318 2384 429 2448 lencr
419 2405 516 2468 aperus
533 2393 656 2444 auctore
681 2382 910 2447 dubitationem.
953 2385 999 2448 Ea
1012 2387 1135 2469 autem
1107 2408 1195 2474 tpsa

154 2497 201 2559 est
222 2508 239 2548 a
262 2484 444 2570 quibusdam
462 2485 632 2570 proposita,
666 2497 696 2547 et
716 2487 780 2547 iam
801 2485 854 2548 diu
874 2500 943 2550 ante
958 2474 1196 2564 Valckfflum

154 2586 265 2678 audita.
308 2585 451 2650 Diximus
472 2589 535 2649 ab
525 2589 612 2649 mitio
632 2611 670 2650 ex
684 2611 747 2650 uno
766 2588 871 2652 codice
893 2592 1061 2656 innotuisse
1073 2595 1135 2655 hoc
1148 2597 1195 2657 le-

147 2711 261 2777 μους
291 2693 398 2775 neque
423 2690 489 2752 eius
514 2690 692 2776 scriptorem
719 2691 909 2771 Hesychiunr
935 2695 1014 2757 alibi
1030 2697 1193 2759 nominari.

22 2823 26 2826 ⁴
153 2777 301 2878 Hesychii
320 2792 444 2876 quidem
460 2793 582 2879 plurimi
599 2806 771 2872 occurrunt,
793 2793 850 2857 sed
869 2797 918 2857 cui
938 2800 998 2860 hoc
1011 2799 1131 2861 lern'con
1144 2799 1194 2859 iu-

151 2904 199 2956 ste
210 2895 340 2957 tribuere
361 2916 470 2980 queas,
503 2898 612 2958 nullus.
661 2893 764 2959 Aldus
788 2881 958 2976 Mauritius,
990 2899 1214 2989 Alexandrini·

149 2995 300 3076 Hesychii
318 2996 497 3076 immemor,
520 3019 591 3059 eum
603 3018 675 3056 cmn
695 2997 816 3058 Milesio
832 3010 1085 3076 commutaverat,
1106 2999 1191 3058 cuius

141 3079 443 3179 'Suidasmeminiu
487 3111 517 3162 et
544 3098 627 3177 errius
654 3097 762 3181 scripta
781 3099 866 3181 plura
893 3109 1023 3160 aetatem
1049 3101 1189 3160 tulerunt.

144 3192 337 3283 'Quanquam
356 3223 439 3263 error
458 3201 663 3286 apertissimus
682 3209 760 3276 erat,
790 3210 822 3260 et
836 3221 917 3264 ,mox
937 3222 955 3262 a
977 3203 1094 3279 multis,
1116 3209 1151 3259 ut
1170 3221 1190 3261 a

133 3282 304 3381 'Smbgero
324 3301 365 3364 ad
384 3301 469 3365 Suid.
484 3323 511 3363 s.
523 3321 554 3363 r.
572 3293 726 3381 Ἡσύχιος
745 3312 882 3366 notabis:
904 3316 1039 3366 tamena
1052 3302 1191 3389 plurimis

126 3479 139 3489 Η
150 3398 301 3466 admissus
319 3415 380 3482 est,
413 3424 490 3488 quos
509 3415 687 3464 enumerant
707 3401 959 3467 Thorsdt'midius
979 3404 1018 3466 de
1031 3405 1189 3486 Hesychia

70 3520 73 3526 ’
148 3501 287 3593 Milesio,
307 3502 432 3581 illustri,
455 3502 626 3567 Christiano
647 3518 720 3568 sect.
735 3506 766 3584 I,
790 3515 818 3571 t.-
838 3507 884 3570 Ie.
898 3505 974 3570 Alb.
987 3507 1143 3571 Fabricius
1156 3507 1191 3568 in

128 3593 277 3668 'Exercit
291 3604 330 3667 de
343 3603 462 3666 Lexicis
483 3601 621 3688 Graecis,
651 3621 682 3671 et
694 3608 842 3672 Biblioth.
860 3606 914 3672 Gr.
926 3607 983 3671 lV.
998 3631 1024 3672 c.
1038 3608 1189 3686 XXXV,

147 3719 178 3769 et
195 3704 473 3790 Albertus,1praef.
494 3707 535 3770 ad
554 3712 688 3795 Hesyeh.
711 3733 776 3798 cap
793 3718 820 3776 1.
842 3709 869 3794 ξ
889 3717 915 3775 1.
935 3711 1021 3796 p.11.
1063 3710 1189 3774 Novam

143 3807 296 3886 ingressus
309 3817 357 3868 est
369 3809 453 3870 viam
462 3807 537 3873 Alb.
551 3808 715 3891 Fabricius,
730 3816 781 3899 qui
795 3816 928 3900 primum
941 3833 977 3875 ac
989 3812 1189 3900 praecipuum

141 3909 231 3971 leniri
243 3917 381 3971 autorem
395 3910 585 3992 Hesychium
598 3913 841 3980 Alexandrinum
854 3938 923 3981 esse
936 3916 1071 3993 credidit,
1093 3935 1190 4000 quem

140 4009 229 4074 tertio
241 4021 312 4096 post
331 4008 442 4076 eluisti
455 4033 570 4079 matun
587 4021 720 4082 natalem
735 4021 843 4111 seculo
863 4020 1002 4082 floruisse
1017 4015 1186 4080 Graecam-

559 4262 624 4413 ᾖ
745 4229 747 4234 ,
