2534 4644
843 204 847 212 .
931 156 980 235 gyz-

1106 286 1171 355 12⁰

123 461 244 531 ganemu
259 473 299 515 ex
309 448 498 536 Apollodori
517 451 596 517 libro
609 445 684 531 {caol
704 443 895 532 Σώφρονος
907 461 1025 514 servata
1039 453 1167 537 collegit,

122 566 152 616 et
165 556 246 615 hunc
261 557 366 616 locum
386 565 524 615 nostrum
542 571 605 623 non
625 551 758 629 neglexit
780 549 847 629 (cfr.
864 550 1010 638 Apollud.
1027 553 1164 618 biblioth.

119 654 145 721 1.
158 678 188 741 p.
204 655 293 736 438),
317 666 418 717 utrum
439 648 600 719 τάλαντον
614 651 741 729 intelligi
763 651 875 717 debeat
887 653 926 715 ad
940 676 1051 720 vocem
1067 654 1164 725 δυάα-

118 778 190 830 ται,
211 757 410 821 dubitaverit:
433 767 537 843 posset
558 753 664 837 aliquis
679 751 815 831 credere,
837 755 925 836 μνᾶν
936 756 1163 839 intelligendam

117 861 219 943 potius
232 879 311 922 esse.
352 856 399 919 At
411 858 456 919 ibi
468 877 598 940 quoque,
619 853 659 932 ll,
683 859 754 933 610,
775 856 853 917 nihil
866 856 927 918 nisi
946 858 1108 923 insiticiam
1131 875 1161 925 et

116 962 218 1024 alieno
241 963 309 1023 loco
323 959 454 1044 positam
472 960 606 1036 glossam
624 955 797 1019 invenimus
819 957 932 1035 „Muri
964 958 1071 1042 λίτρατ
1085 958 1159 1029 δυό.

117 1057 138 1127 ὁ
168 1058 205 1127 δὲ
226 1056 320 1144 ἅγιος
347 1052 540 1140 Ἐπιφίινιος
570 1055 682 1136 λίτρας
714 1060 792 1138 μιᾶς
821 1057 993 1140 δίμοτροαιι
1022 1087 1100 1148 quae
1120 1088 1160 1129 ex

116 1162 266 1247 Epiphan.
286 1162 326 1224 de
344 1160 445 1226 Mens.
458 1170 490 1223 et
506 1156 689 1249 tondenti,
713 1179 744 1242 p.
760 1164 830 1227 183.
846 1161 888 1225 Ι).
903 1164 1077 1245 corrigenda
1088 1180 1159 1231 sunt

115 1274 146 1325 et
159 1265 197 1325 ab
212 1263 423 1348 interpretibus
444 1259 592 1340 Hesychii
615 1269 757 1325 correcta.
798 1259 905 1345 Neque
923 1263 981 1324 alia
999 1266 1050 1328 via
1062 1270 1155 1351 profi.

114 1366 209 1427 cimus
236 1366 362 1429 maiora.
405 1361 492 1427 'Nam
513 1382 607 1445 quum
634 1362 666 1424 iu
687 1361 779 1425 simili
795 1365 882 1441 loco,
907 1363 961 1429 ubi
984 1361 1156 1435 Aristotelis

90 1467 206 1531 'verba
223 1470 406 1542 referuntur,
439 1462 521 1547 apud
534 1463 691 1529 Pollucem
704 1457 863 1545 νούμμον
891 1465 1035 1548 scriptum
1057 1470 1155 1547 fuerit,

111 1567 145 1630 id
165 1567 248 1652 apud
267 1579 405 1631 nostrum
425 1586 546 1650 quoque
567 1576 780 1650 reposuerunt,
803 1567 855 1627 cir.
876 1563 977 1627 Bentl.
998 1565 1037 1628 de
1058 1567 1153 1654 Epist.

110 1669 267 1734 Phalar.L
290 1669 407 1753 plut).
431 1667 479 1733 ed.
501 1665 615 1746 Biittig.
660 1666 748 1729 Hanc
765 1667 854 1746 igitur
873 1689 984 1731 vocem
1002 1669 1035 1729 in
1052 1671 1154 1754 Hesy-

111 1771 181 1835 ehio
196 1781 388 1855 quaerentes,
409 1771 451 1833 ita
471 1790 592 1854 quoque
611 1769 693 1831 felici
717 1767 800 1830 exitu
815 1768 983 1853 privamur,
1005 1773 1074 1855 quia
1089 1796 1153 1837 vox

109 1872 261 1956 nusquam
273 1873 425 1956 reperitru.
475 1870 616 1955 Denique
637 1869 810 1931 adnomen
833 1869 1019 1954 Apollodori
1040 1884 1070 1933 et
1090 1873 1151 1936 So-

109 1976 234 2058 phronis
248 1975 384 2035 animum
397 1971 597 2049 advertentes,
608 2009 646 2018 —
654 1992 728 2033 nam
739 1984 819 2033 recte
830 1972 969 2053 Heynius
982 1971 1150 2055 Diogenis-

108 2095 283 2137 numusum
292 2070 549 2156 esseApollodori
555 2073 728 2135 auctoritate
734 2072 888 2151 iudicavit,
903 2076 952 2136 l.l.
962 2111 1000 2119 —
1009 2075 1149 2141 videmus

108 2173 233 2259 quidem
255 2172 440 2258 Apollodori
469 2175 658 2235 mentionem
683 2175 764 2257 apud
788 2175 977 2255 Hesychirun
997 2199 1060 2238 non
1080 2200 1148 2241 raro

106 2277 198 2354 iniici,
212 2274 268 2339 sed
282 2294 431 2358 nusquam
443 2273 556 2358 aliquid
569 2273 608 2336 de
620 2275 764 2351 nummis,
781 2273 863 2357 quod
876 2286 955 2337 esset
969 2297 1008 2336 ex
1015 2276 1147 2365 Apollo.

106 2375 183 2439 doro
199 2379 332 2455 citatum,
356 2377 567 2462 conspicimus.
1044 2379 1048 2386 ’

189 2476 274 2541 Ante
292 2479 396 2541 omnia
417 2490 520 2541 autem
539 2489 674 2541 accurate
694 2475 901 2557 indagandum
922 2490 981 2556 est,
1013 2480 1085 2565 quid
1107 2487 1146 2546 ab

103 2579 272 2642 scholiastis
285 2580 479 2660 Diogeniano
492 2583 652 2661 tribuatur3
686 2579 769 2665 quod
781 2591 814 2640 ut
829 2579 996 2659 discamus,
1021 2606 1145 2670 compa-

103 2679 191 2741 randi
208 2692 279 2741 sunt
290 2683 419 2741 aliorum
431 2683 507 2758 loci,
529 2683 637 2765 quihus
651 2680 690 2742 de
703 2680 812 2743 eadem
827 2704 860 2743 re
874 2684 978 2761 agitur.
1021 2683 1056 2743 In
1071 2685 1145 2747 Pol-

103 2780 170 2839 luce
185 2780 238 2843 lib.
251 2779 312 2856 lx,
328 2801 392 2864 cap.
407 2781 463 2858 Vl,
481 2781 509 2864 δ.
525 2785 575 2844 87.
594 2784 670 2843 haec
683 2793 816 2843 exstant:
861 2780 931 2859 „Tri
952 2780 1065 2862 μέντοι
1085 2789 1143 2849 Σι-

101 2873 234 2941 κελικὸν
260 2873 423 2946 τάλαντον
445 2877 614 2964 ἐλάχιστον
634 2881 741 2962 ἴσχυε·
778 2876 816 2946 τδ
837 2879 897 2963 μὲν
919 2876 1080 2965 οίρμοιῖον,1
1101 2881 1144 2965 οἱς

57 2992 60 2999 ·
100 2971 321 3064 Ἀριστοτέλης
341 2978 443 3066 λέγει,
470 2980 638 3063 τέοοαρας.
652 2981 709 3047 καὶ
729 2981 831 3047 εἴκοσι
854 2980 933 3060 τούς
955 2983 1141 3069 νούμμους·

100 3076 139 3145 τδ
162 3079 198 3147 δὲ
220 3077 363 3165 ὕστερον
392 3085 607 3155 δυοκαίδεκα·
641 3082 808 3155 δύνασθαι
835 3083 870 3151 δὲ
897 3081 956 3151 τὸν
988 3091 1141 3175 νοῦμμον

99 3183 174 3265 τρία
195 3179 397 3270 ἡμιωβόίιαίί
418 3211 473 3274 pro
494 3191 603 3274 quibus
626 3190 701 3256 olim
731 3192 885 3269 legebatur
909 3181 1043 3270 δμόίια,
1069 3192 1140 3274 Syl-

99 3286 222 3363 burgius
244 3300 275 3349 et
294 3289 467 3374 Stephanus
489 3282 607 3370 ὀβόλτα
628 3293 767 3367 voluere,
796 3290 940 3352 Budaeus
961 3284 1138 3372 ἡμιοβόλια

98 3388 243 3465 coniecit,
265 3389 430 3455 Salmasius
452 3388 561 3468 τρίτον
580 3385 784 3472 ἡμιωβόλτοο
799 3390 941 3473 reposuit.
985 3392 1069 3453 llaec
1081 3395 1138 3473 igi-

97 3499 146 3551 tur
165 3489 192 3551 si
211 3510 281 3553 cum
297 3494 408 3555 nostris
429 3493 609 3554 scholiastae
630 3492 730 3555 verbis
753 3513 978 3577 comparamus,
1000 3493 1075 3552 nihil
1091 3491 1138 3553 di-

98 3591 177 3653 versi
189 3592 342 3675 reperitur,
364 3595 423 3657 nisi
435 3593 517 3678 quod
530 3616 585 3680 pro
601 3614 679 3657 voce
698 3588 860 3675 νούμμωα
876 3585 968 3674 μνῶν
980 3604 1086 3670 exstat,
1106 3606 1138 3657 et

98 3689 209 3754 deinde
225 3686 309 3757 εἶναι
320 3716 376 3779 pro
390 3691 451 3759 τὸν
466 3698 629 3777 τοῡμμον,
651 3696 685 3756 in
696 3696 758 3757 fine
776 3693 907 3778 denique
920 3695 1027 3773 legitur
1046 3688 1135 3777 ,,ἡμτ·

97 3785 211 3874 βίίααιι
232 3795 263 3855 in
288 3795 406 3873 codice,
439 3797 521 3881 quod
551 3799 680 3861 mutavit
697 3794 854 3859 Bekkenrs
886 3795 919 3859 in
945 3789 1134 3879 ἡμιωβόίια.

95 3895 234 3977 Heynius
257 3896 296 3959 ad
318 3896 467 3983 Apollod.
488 3894 623 3981 ἡμιόλια
640 3900 807 3985 suspicatus
827 3908 881 3960 est.
935 3896 1090 3960 Praeterea
1107 3899 1133 3959 I.

96 3995 285 4063 Caruerarius
298 4001 332 4065 in
344 4002 447 4065 libello
463 4000 502 4063 de
516 4001 665 4066 Numism.
679 4000 906 4066 annotationem
925 3999 957 4060 in
971 3997 1056 4061 Orat.
1071 3998 1134 4061 Na-

694 4121 697 4127 ·
904 4104 927 4162 9
