2534 4644
166 438 257 504 nimis
269 433 416 507 absurdus
429 448 518 505 esset.
539 434 627 502 Alias
640 436 733 518 igitur
745 435 879 504 rationes
892 447 1082 528 quaeramus.
1101 431 1218 505 Musu-

157 546 240 626 ,ςιῖν
251 542 294 603 ita
308 540 422 603 dictum
436 553 498 623 est,
519 554 629 604 utnon
644 540 683 603 de
697 541 795 623 libris,
817 542 873 605 sed
888 541 928 604 de
942 543 1068 606 vocibus
1082 542 1220 629 scriptor

167 645 315 724 cogitasse
332 642 479 708 videatur.
524 639 805 727 Περιεςγάζεσθαι-
820 643 898 705 nibil
915 655 962 707 est
982 639 1043 706 hoc
1061 647 1136 706 loco
1151 648 1220 708 lor-

167 757 263 824 tassc,
285 746 343 807 nisi
362 744 521 824 diligenter
539 767 645 826 agere,
666 767 758 832 quare
779 747 814 808 in
833 746 913 806 hanc
931 745 1221 831 interpretationem

168 851 332 914 verborum
348 846 527 911 incidimus:
555 847 752 926 „dummodo
771 868 934 933 pauperes,
957 848 1116 928 diligenter
1140 850 1221 913 actis

89 981 91 985 ¹
168 954 258 1014 rebus
281 950 449 1029 [diligenter
463 951 547 1013 lectis
560 951 763 1035 scriptoribus]
777 951 853 1011 haec
866 947 932 1035 ipsa
953 948 1043 1035 [quae
1057 939 1218 1033 nesciunt]

167 1052 302 1138 undique
323 1055 448 1127 collecta
465 1052 595 1137 reperire
615 1063 646 1112 et
664 1063 768 1112 tenere
779 1064 913 1138 possent.
957 1052 1021 1116 Sed
1035 1053 1221 1138 quomodo-

170 1176 286 1238 cunque
306 1154 451 1238 epistolae
472 1155 600 1239 scriptor
619 1174 655 1215 ea
678 1151 803 1237 ceperit,
817 1152 908 1216 ‘haud
929 1154 1021 1218 dubie
1044 1157 1221 1221 averitate

169 1256 327 1336 aberravit.
371 1252 474 1333 Quare
496 1276 552 1334 age
570 1273 687 1318 novam
707 1250 985 1340 interpretationem
1003 1260 1103 1320 facere
1120 1279 1221 1322 cone-

168 1379 251 1439 mur,
272 1378 349 1444 quae
367 1359 395 1420 si
408 1357 508 1422 verior
521 1369 582 1438 est,
602 1378 621 1421 a
635 1354 849 1445 lexicographo
870 1378 935 1419 non
949 1356 1050 1421 licebit
1069 1362 1173 1423 multa
1190 1371 1222 1423 et

168 1483 279 1542 magna
293 1483 422 1548 sperare.

253 1563 370 1624 Duae
361 1563 459 1646 rgitur
468 1573 567 1647 partes
588 1562 745 1641 vocabuli,
766 1584 861 1650 quum
881 1585 949 1628 sese
968 1558 1129 1654 prodant
1117 1578 1220 1682 rpsae',

168 1664 470 1750 quaerimrprimum,
484 1664 884 1749 quidsingulaesignillcent.
905 1661 1137 1744 Αεπιριεργία
1148 1667 1221 1750 qui·
1262 1684 1263 1727 1

170 1767 243 1831 dem
258 1766 467 1844 curiositatem,
482 1766 723 1845 sedulitatem,
693 1767 820 1830 mmiam
830 1767 1016 1848 diligentiam
1023 1777 1121 1828 notat.
1141 1767 1223 1846 „Est

171 1869 293 1947 etiam,“
314 1868 356 1930 ait
370 1866 599 1947 Quinctilium,
621 1868 695 1932 Inst.
710 1867 808 1933 Oratt.
821 1869 952 1949 Vlll,3
975 1891 1071 1954 „quae
1085 1887 1221 1951 περιερ-

137 1977 140 1982 ’
170 1969 227 2055 ’γία
239 1982 379 2048 vocatur,
404 1986 602 2057 supervacua,
624 1981 657 2031 ut
674 1971 717 2032 sic
733 1968 878 2051 dixerim,
893 1972 1089 2069 operositasfl
1135 1971 1223 2036 Dio-

168 2075 291 2156 geniani
305 2086 407 2136 autem
420 2085 512 2151 aetas,
534 2095 628 2158 quum
640 2073 673 2134 in
684 2073 861 2152 secundum,
882 2087 916 2136 ut
933 2057 1116 2151 videbimus,
1144 2096 1223 2138 sre-

171 2181 272 2240 culum
290 2175 419 2256 incidat,
440 2177 517 2238 nihil
539 2188 585 2239 est
605 2176 695 2237 nobis
713 2176 848 2254 gravius,
869 2177 928 2240 nisr
919 2175 1070 2239 Aeliani
1089 2174 1224 2242 dicendi

168 2277 255 2357 ratio,
276 2277 317 2339 ad
329 2278 460 2340 eandem
475 2290 605 2340 aetatem
618 2275 802 2362 pertinentis.
822 2277 898 2342 Eius'
910 2300 1000 2341 usum
1014 2289 1115 2341 autem
1131 2279 1223 2364 optiss

169 2404 221 2444 me
239 2380 399 2466 explicavit
416 2378 591 2441 Perizonius
611 2378 651 2440 ad
664 2378 707 2442 V.
726 2380 766 2441 H.
780 2377 820 2457 H,
835 2379 886 2442 44.
908 2374 1224 2463 ,,Περιεργάζεσθαι

170 2485 252 2546 enim
265 2482 386 2568 proprie
400 2493 447 2543 est
460 2503 593 2544 stemma
610 2491 643 2544 et
659 2502 774 2566 paene
786 2480 970 2544 immodica
984 2504 1066 2546 curu
1080 2481 1223 2570 aliquid

97 2661 99 2665 Α
159 2583 294 2672 facere.
313 2606 357 2632 ’-
379 2585 459 2645 Hinc
474 2605 563 2661 vero,
585 2585 655 2668 quia
675 2605 768 2645 omne
782 2585 914 2646 nirnium
932 2585 1021 2648 vertit
1033 2587 1222 2673 plerumque

168 2687 202 2749 in
217 2687 339 2763 vitium,
355 2681 536 2766 πιςίὲργον
549 2697 654 2748 notare
668 2687 760 2748 etiam
775 2688 873 2777 coepit
888 2709 1124 2772 supervacuum,
1144 2691 1220 2755 ina-

169 2811 226 2867 ne,
249 2790 336 2873 quale
351 2787 424 2872 quid
446 2787 479 2847 in
492 2787 657 2851 immodica
673 2791 773 2854 inesse
787 2793 866 2852 solet
879 2791 967 2852 cura“
989 2801 1058 2852 cett.
1103 2787 1222 2866 Quan-

169 2913 332 2978 quamquo
345 2887 441 2952 modo
455 2886 603 2954 Aelianus
617 2914 696 2955 voce
708 2891 813 2972 utitur,
835 2890 969 2954 eundem
983 2913 1091 2953 omnes
1103 2903 1222 2958 tenue-

169 3016 202 3056 re
217 2989 325 3056 Graeci
340 2993 507 3078 scriptores.

258 3092 366 3178 Πένης
384 3093 456 3195 quid
469 3095 630 3179 significet,
652 3119 716 3159 non
735 3095 836 3167 minus
849 3105 957 3156 notum
969 3103 1028 3154 est·
1021 3110 1149 3174 ,neque
1167 3097 1221 3159 la-

169 3209 227 3278 tet,
250 3221 308 3284 qua
333 3190 449 3260 ratione
464 3220 534 3260 cum
553 3173 726 3279 ιερίεργον
746 3198 950 3276 coniungatur.
997 3189 1104 3275 Πένης
1126 3197 1219 3262 enim

170 3299 251 3386 apud
266 3297 414 3378 Graecos,
436 3312 470 3361 ut
490 3300 571 3385 apud
590 3301 714 3362 Latinos
736 3320 866 3384 pauper,
894 3299 946 3358 cfr.
959 3297 1035 3358 Hor.
1050 3294 1112 3356 Sat.
1126 3291 1160 3373 l,
1188 3306 1217 3379 1

169 3407 221 3466 79.
242 3401 287 3482 Π,
304 3408 340 3480 3,
361 3404 430 3467 142.
453 3405 540 3479 alibi,
563 3401 741 3462 construitur
753 3399 905 3462 interdum
919 3421 988 3461 cum
1002 3397 1154 3478 genitivo,
1182 3412 1218 3462 ut

170 3497 271 3587 πένης
283 3500 459 3589 χρημάτων
472 3524 519 3586 ap.
534 3501 636 3586 Eurip.
652 3501 761 3564 Electr.
775 3524 806 3565 v.
822 3508 872 3566 37.
895 3504 947 3563 cfr.
962 3501 1070 3562 Macro.
1085 3496 1137 3561 Gr.
1151 3499 1216 3566 Gr.

168 3626 199 3690 p.
216 3609 279 3671 662
291 3606 375 3693 seqq.
417 3600 511 3664 Adde
535 3601 770 3688 Lucianumpro
794 3602 927 3666 merced.
950 3600 1100 3664 conductt.
1118 3622 1143 3662 c.
1162 3609 1216 3669 11.

169 3701 267 3786 „odd'
295 3698 387 3793 ἡμεῖς
415 3697 501 3766 οὕτω
531 3698 667 3787 πένητες
694 3700 836 3788 εὐλόγου
854 3701 1064 3786 ἄπολογίας.“
1104 3700 1218 3781 Quare

169 3829 232 3869 non
250 3807 389 3881 fallimur,
412 3803 511 3883 credo,
533 3806 560 3869 si
575 3809 784 3888 coniungimus
799 3805 975 3891 περιέργου
996 3801 1141 3888 πένητες,
1164 3830 1219 3872 re-

167 3929 236 3971 rum
254 3926 507 3992 supervacuarum
526 3929 683 3994 pauperes.
727 3907 791 3986 Qui
806 3911 888 3974 enim
908 3932 964 3974 suo
984 3911 1045 3970 hoc
1058 3919 1220 3974 uterentur

34 4028 120 4191 ὑ
168 4010 280 4086 libello,
302 4028 357 4070 eos
372 4027 439 4073 esee
450 4010 547 4074 voluit
557 4031 624 4073 non
636 4010 720 4074 inani
730 4033 833 4076 rerum
846 4011 983 4098 pondere
993 4026 1133 4096 pressos,
1157 4013 1220 4077 sed

99 4156 118 4221 θ’.
