2534 4644
336 1073 571 1166 orror
608 1008 911 1161 soxrou.

180 1302 236 1364 DE
259 1295 471 1381 HESYGHIO
499 1291 837 1357 LEXICOGRAI'HO
863 1295 1091 1372 Luxlclouu

361 1413 454 1478 EIUS
475 1411 701 1476 HODIERNA
725 1411 888 1476 FORMA.

523 1610 732 1620 -o--u-——c--n

104 1740 219 1870 Quod
234 1792 272 1851 ab
285 1790 371 1851 initio
384 1788 523 1848 omnium
536 1785 747 1846 difficillimum
760 1786 917 1872 negotium
933 1809 1003 1850 esse
1015 1790 1143 1852 videba-

101 1905 163 1971 tur,
190 1903 306 1953 certum
327 1890 365 1952 de
386 1889 542 1969 Hesychio
563 1888 686 1970 eiusque
707 1888 862 1950 conalibus
883 1890 1027 1954 iudicium
1046 1897 1141 1972 ferre3

101 1993 135 2055 id
150 2014 245 2068 nunc‚
267 1993 321 2052 ubi
334 2010 453 2052 su1mna
468 1989 651 2071 quaestionis
664 2008 726 2046 non
747 1987 868 2048 edubia
879 1993 1064 2069 coniectura,
1087 1995 1140 2055 scd

101 2093 281 2154 finnissimis
296 2090 478 2169 argumentis
490 2090 627 2149 absoluta
641 2099 672 2148 et
684 2086 926 2167 lenocinatum,
942 2094 989 2152 cui
1002 2095 1140 2157 insistere

102 2195 204 2270 liceat,
225 2193 359 2277 positum
378 2203 438 2268 est,
463 2192 529 2252 sino
549 2210 662 2267 magno
685 2190 792 2250 enoris
811 2191 944 2273 periculo
968 2196 1048 2256 sinici
1070 2211 1140 2281 pot-

102 2297 166 2357 en'l.
209 2294 273 2357 Iam
287 2296 377 2374 igitur
390 2291 489 2356 audeo
504 2312 561 2370 ego
574 2290 793 2352 Ruhnkenium
801 2311 959 2373 accusare,
982 2298 1064 2380 quod
1077 2323 1140 2362 non

102 2396 260 2476 diligenter
271 2397 343 2458 satis
357 2407 388 2457 et
399 2396 614 2477 circannspecte
627 2394 659 2452 in
672 2394 732 2452 hoc
746 2407 922 2472 argannenlo
936 2411 1072 2462 versatus
1086 2415 1139 2464 cst.
1173 2432 1176 2437 ·

102 2497 220 2576 Quovis
233 2499 316 2559 enim
334 2499 460 2582 pignore
475 2494 658 2557 contendere
675 2495 790 2572 ausim,
811 2517 883 2558 eum
900 2499 1035 2563 simodo
1048 2505 1140 2584 viam,

101 2623 192 2685 quam
211 2603 277 2685 ipse
294 2602 414 2676 inierat,
436 2601 575 2684 persequi
588 2599 748 2673 voluisset,
769 2598 832 2659 iam
851 2611 917 2661 tum
933 2624 1043 2667 omnes
1059 2630 1141 2669 erro-

100 2701 455 2784 resencuterepotuisse.
497 2696 588 2757 Error
604 2711 708 2757 ‘uitem
727 2710 759 2756 ut
776 2719 898 2783 semper
909 2722 1043 2766 errorem
1054 2713 1139 2791 parit,

100 2802 142 2861 ila
159 2800 309 2882 imprimis
324 2801 385 2859 hoc
400 2801 434 2859 in
445 2797 663 2859 Ruhnkenium
676 2795 769 2874 cadit,
793 2801 877 2861 euius
887 2823 1015 2882 errores,
1034 2811 1107 2891 quia
1122 2833 1140 2872 a

101 2903 167 2964 viro
181 2901 404 2984 presedissem,
423 2902 511 2962 nnus
525 2905 591 2963 laus
611 2913 694 2962 lanta
703 2911 766 2977 est,
787 2913 821 2961 ut
833 2903 949 2964 nemini
967 2910 1031 2968 sere
1043 2913 1142 2973 maior

100 3003 270 3082 contigerit,
299 3004 476 3087 plerumque
496 3023 640 3082 magnam
664 3003 825 3064 errantium
844 3006 1068 3073 multimdinem
1087 3037 1141 3098 pe.

97 3115 248 3190 pei-eruut.
288 3102 357 3166 -Sed
367 3104 430 3165 iem
444 3104 527 3187 quod
542 3117 641 3184 restat,
658 3105 776 3167 addam
791 3127 918 3170 necesse
930 3122 987 3173 cst.
1031 3111 1140 3200 loquo

98 3207 238 3286 negoli0‚
258 3206 285 3268 si
292 3194 416 3290 quaillo
429 3205 584 3285 audacior,
605 3231 670 3269 non
681 3207 793 3270 disbitu
810 3211 933 3303 loquor,
952 3215 1010 3274 sed
1025 3228 1139 3282 cernas:

100 3309 194 3371 velim
203 3309 364 3387 ignoscant
375 3309 527 3385 legerius,
550 3308 601 3388 qui
613 3309 726 3384 sciunt,
747 3311 780 3369 in
800 3318 1050 3390 unoargumenu)
1060 3339 1140 3380 eno.

99 3408 227 3472 clesmdo
242 3410 294 3493 qui
310 3409 385 3470 felix
397 3408 468 3485 fuit,
491 3408 557 3468 eius
576 3419 607 3468 el
619 3408 761 3470 fiduciam
772 3415 876 3491 augeri
889 3416 1001 3495 solere,
1020 3430 1055 3479 ut
1071 3442 1139 3482 (auu

101 3509 242 3573 Salluslio
257 3511 376 3593 Impar,
400 3521 432 3570 et
441 3510 544 3593 promi
554 3511 698 3589 linguam.

185 3610 370 3689 Diogeniani
396 3613 491 3674 libros
506 3632 616 3690 magna
636 3633 706 3672 oum
723 3634 796 3676 cura
814 3620 985 3679 elaboratos
1004 3621 1061 3682 sibi
1075 3646 1137 3684 non

100 3715 295 3790 satisfecisse,
324 3712 378 3774 sed
405 3725 508 3775 auctos
536 3725 566 3774 et
593 3715 791 3799 amplificatos
812 3721 849 3780 ab
874 3742 909 3781 se
930 3720 1033 3785 editos
1060 3747 1138 3804 csse,

99 3817 226 3901 scriptor
238 3815 382 3899 epistolae
393 3819 549 3900 professus
563 3827 617 3878 est.
657 3816 804 3881 uonna
820 3835 922 3884 autem
939 3825 1048 3903 libros,
1073 3831 1139 3911 qui-

97 3921 157 3981 sos
169 3916 212 3978 ad
226 3917 399 3996 augendum
412 3921 530 3980 lexicon
545 3940 618 3980 usus
631 3920 722 3981 fuerit
742 3913 985 4005 ,JAococolegom
1004 3922 1139 3990 Ἀππῖω-

100 4038 159 4094 νος
181 4031 210 4082 el
227 4012 432 4100 Ἡλὶοΰώρου
454 4017 565 4097 λέξεις,
596 4023 654 4083 ie.
679 4027 793 4102 glossas
814 4027 1139 4112 velerumscn'plonrrn
