2534 4644
300 906 597 1033 t'ffloarur
626 935 958 1051 aurarum.
1083 893 1090 998 ἑ
1188 1056 1193 1065 ³

161 1162 225 1227 DE
246 1163 500 1231 PAMPHILI
529 1164 744 1230 GLOSSIS
771 1163 805 1227 A
826 1158 1173 1241 DtffGENIANO

512 1283 812 1350 EXGERI’TIS.

621 1571 649 1656 §-
676 1579 703 1637 1.

144 1689 239 1799 Tota
251 1736 399 1820 Hesychii
409 1738 571 1827 Photiique
585 1737 814 1821 deDiogeniani
824 1736 923 1821 lexico
940 1737 1082 1816 narratio,
1093 1760 1198 1822 quam

143 1838 195 1922 qui
214 1839 362 1923 sequitur,
384 1841 611 1924 Diogenianum
633 1865 741 1907 verum
761 1842 826 1904 eius
847 1851 879 1914 et
897 1840 1022 1901 unicum
1043 1829 1197 1904 condito-

142 1961 224 2019 rem,
245 1942 368 2028 suisque
379 1945 475 2030 ipsius
484 1944 697 2008 tanhtmmodo
708 1943 814 2008 studiis
832 1941 980 2004 confisum
993 1963 1060 2004 esse
1074 1942 1197 2025 credet,

144 2061 163 2102 a
180 2040 275 2105 Suida
288 2047 340 2107 vel
354 2049 392 2109 ab
409 2069 447 2109 eo
461 2049 615 2134 scriptore,
637 2067 729 2131 quem
744 2044 852 2108 Suidas
866 2044 899 2105 in
909 2064 966 2106 suo
981 2043 1080 2105 lexico
1097 2048 1198 2132 expi.

144 2146 233 2226 lavit,
253 2146 447 2230 redarguitm.
490 2149 538 2217 Ibi
560 2150 643 2212 enim
658 2171 683 2211 s.
699 2169 729 2210 v.
749 2139 981 2229 Διογενειανός
1002 2145 1197 2227 Ιιεεῳετλιιι

144 2248 274 2327 legimus
298 2245 385 2328 ,ἔστι
408 2246 443 2315 δὲ
460 2245 565 2315 αὐτοῦ
576 2247 687 2334 βιβλλα
706 2251 825 2311 ταῦτα·
857 2243 957 2324 λέξεις
975 2244 1208 2337 εττιιζτοδιιτιιιλ1

145 2343 232 2412 κατὰ
245 2353 406 2432 στοιχεῖον
418 2345 454 2415 ἐν
466 2332 609 2433 βιβλίοις
621 2344 659 2413 ε’·
687 2345 823 2431 ἐπιτομὴ
837 2344 873 2411 λλ
889 2344 955 2411 ἐστι
968 2350 1036 2409 τῶν
1051 2349 1195 2432 Houor!-
1246 2366 1247 2379 ¹

145 2450 209 2515 λου
218 2444 347 2528 λέξεων,
365 2448 505 2537 βιβλλιιι
517 2446 541 2517 ε’
556 2447 612 2516 uui
623 2447 844 2528 τετρακοσίων
856 2445 911 2511 καλ
924 2449 993 2512 τῶν
1006 2450 1196 2534 Ζωπυρίω-

146 2551 224 2624 vo&
246 2561 323 2629 cett,
345 2552 486 2636 equibus
500 2552 652 2631 discimus,
674 2551 901 2632 Diogenianum
918 2551 1075 2636 epitomen
1087 2557 1195 2638 lexici,

145 2651 229 2735 quod
240 2651 374 2738 Zopyrio
387 2655 591 2733 inchoaverat,
610 2640 788 2739 Pamphilus
800 2665 903 2717 autem
915 2657 1091 2739 perfecerat,
1113 2681 1196 2722 con-

146 2751 269 2819 didisse.
313 2753 376 2818 Sed
389 2778 430 2818 ne
442 2760 572 2821 verbum
594 2757 719 2844 quidem
730 2755 771 2834 de
786 2758 847 2821 alio
858 2758 958 2818 lexico
970 2756 1085 2819 dictum
1098 2761 1197 2824 audi-

146 2879 226 2920 mus.
268 2855 390 2936 Quodsi
410 2865 494 2924 solus
513 2861 685 2944 Hesychius
706 2871 758 2921 aut
772 2860 844 2921 dolo
865 2863 948 2922 malo
974 2881 1048 2922 usus
1061 2870 1114 2920 aut
1129 2863 1198 2926 im.

145 2959 280 3044 prudens
292 2962 325 3024 in
338 2984 470 3025 errorem
487 2964 624 3025 abiisset:
647 2982 717 3024 cam
729 2983 796 3022 rem
815 2984 880 3023 non
891 2961 995 3040 magni
1006 2964 1200 3030 faceremus.

116 3094 119 3099 ·
144 3057 183 3122 Id
194 3072 299 3123 autem
308 3065 507 3132 vehementer
518 3064 678 3138 miramur,
703 3060 787 3144 quod
800 3083 863 3121 non
877 3064 978 3122 solum
990 3060 1136 3144 permulti
1148 3065 1202 3130 illi

145 3162 346 3242 grammatici,
380 3163 432 3248 qui
451 3161 635 3242 Diogeniani
652 3155 751 3237 λέξεις
772 3161 911 3238 citarum,
943 3159 1019 3221 nihil
1036 3158 1075 3220 de
1093 3158 1200 3230 Pam.

144 3262 221 3346 phili
242 3263 375 3349 epitome
395 3284 543 3343 cognosse
561 3261 721 3342 videntum
748 3262 804 3327 sed
829 3262 956 3325 Photius
976 3284 1112 3348 quoque,
1145 3271 1199 3334 vir

146 3361 338 3443 doctissimus
351 3377 413 3427 eta
430 3367 576 3427 librorum
600 3364 689 3450 copia
706 3365 967 3442 instructissimus,
989 3386 1044 3426 sua
1056 3370 1198 3446 auctori.

145 3474 206 3525 tate
227 3487 283 3549 pro
300 3465 409 3528 iisdem
426 3465 560 3550 partibus
579 3477 704 3551 pugnat.
747 3464 851 3544 Quare
864 3487 1024 3528 necessum
1037 3477 1098 3543 est,
1122 3454 1219 3549 rem*

146 3577 281 3627 accurate
295 3568 483 3654 perquirere3
512 3568 662 3653 imprimis
676 3553 771 3653 quum
788 3566 902 3630 Suidae
915 3567 948 3628 in
962 3567 1032 3631 viris
1046 3589 1198 3634 enarran.

146 3663 192 3728 dis
205 3678 287 3729 tanta
300 3670 339 3732 sit
359 3671 435 3740 fides
457 3683 488 3734 et
503 3670 679 3747 auctoritas,
700 3682 735 3730 ut
747 3690 848 3754 neque
864 3671 928 3733 eius
940 3669 1108 3746 silentium,
1134 3694 1198 3736 ne-

144 3788 204 3859 que
218 3771 390 3835 testimonia
408 3778 445 3837 ab
460 3796 498 3837 eo
511 3776 628 3859 prolata
646 3770 756 3833 merito
774 3772 973 3854 negligantur.
1016 3769 1066 3832 Ac
1082 3777 1198 3856 profe-

145 3882 193 3931 cto
206 3892 254 3935 res
268 3893 287 3934 a
300 3872 393 3936 Suitla
414 3874 491 3936 dicta
512 3897 567 3961 per
588 3895 622 3936 se
633 3885 694 3951 est,
716 3872 774 3935 nisi
789 3876 893 3952 fallor,
914 3894 1062 3959 perquam
1080 3876 1199 3941 verisi.

106 3994 119 4018 ι
143 3972 232 4036 milis.
277 3972 458 4061 Quicunque
481 3978 563 4039 enim
577 3987 713 4038 accurate
735 3977 821 4056 legit,
844 3997 922 4062 quae
943 3974 982 4038 de
993 3975 1207 4056 Diogeniano.
