2534 4644
101 281 106 287 ⁶
143 295 189 361 20

143 473 224 525 nunc
237 480 293 549 pro
302 455 459 548 deperdito
468 457 574 538 habiti,
588 457 809 546 lexicographi
815 479 903 545 opus,
917 457 1037 522 sublato
1043 460 1110 525 teri
1116 457 1193 523 Au

143 562 233 628 etoris
244 558 371 626 nomine
389 561 449 624 sibi
468 558 640 625 vindicasse
661 561 852 642 Hesychium
864 560 1012 646 aliquem,
1034 572 1124 649 atque
1137 563 1193 625 in..

143 666 183 731 de
196 665 344 749 Hesyebii
363 662 500 725 Lexicon
519 663 558 725 ab
578 663 797 747 antiquioribus
821 663 1024 745 grammaticis
1037 676 1193 750 nusquam

140 767 299 833 laudatum
314 764 454 853 reperiri,
475 758 638 847 aliquando
659 763 847 849 suspicabar,
867 762 956 825 'dictu'
973 762 1074 829 durius
1097 767 1192 831 vida

142 881 207 934 tur:
228 862 287 947 ‘etsi
298 875 363 931 tam
377 869 473 930 alum
492 874 523 928 et
536 865 710 926 diuturnum
725 865 763 927 de
777 866 925 947 Hesychii
945 866 1057 928 Lexico
1073 890 1129 953 per
1140 881 1193 933 tot

43 998 46 1005 ·
143 973 245 1034 secula
269 970 424 1035 silentium
445 966 645 1052 codicumque
658 967 931 1053 manuscriptorum
944 967 1081 1052 inopiam
1093 970 1192 1033 mira.

143 1073 242 1136 mur.“
283 1068 367 1137 Noti*
375 1067 578 1133 dubitandum
590 1067 723 1147 videtur,
746 1068 820 1153 quin
831 1070 908 1130 haec
921 1069 1070 1132 sententia
1085 1073 1124 1134 ab
1138 1073 1192 1137 vi.

79 1156 82 1161 *
144 1192 179 1239 ro
191 1175 328 1244 maxime
339 1172 444 1238 ¹sobrio
460 1173 612 1257 prosecta,
634 1168 812 1250 dignissima
830 1170 885 1246 sit,
908 1191 985 1254 quae
1000 1172 1103 1233 animo
1117 1177 1192 1237 vol·
1208 1249 1217 1255 ⁵

144 1287 232 1341 vatur
249 1287 280 1338 et
291 1274 458 1355 indagetur
479 1272 709 1335 accuratissime.
761 1269 887 1352 'Quodsi
906 1272 966 1356 ipsi
989 1273 1053 1336 eius
1074 1278 1193 1339 auctori

146 1374 326 1442 concessuin
338 1377 454 1453 fuisset,
472 1374 557 1436 alteri
569 1385 656 1436 tomo
663 1373 792 1458 praefari
798 1381 811 1436 :‘
829 1377 958 1437 sortasse
969 1376 1104 1459 pluribus
1117 1399 1192 1443 eam

144 1491 299 1544 tractasset
315 1491 351 1542 et
372 1474 581 1540 exornandam
601 1475 660 1537 sibi
678 1475 873 1560 sumpsisset,
904 1477 964 1538 nisi
982 1476 1071 1555 inde,
1104 1477 1192 1562 quod

130 1582 338 1647 Valckenarii
357 1579 467 1658 refugit
485 1576 684 1654 sententiam,
706 1588 740 1638 ut
758 1575 959 1640 Ruhnkenius
976 1591 1091 1660 narrat,
1113 1603 1191 1645 con-

144 1685 269 1747 trarium
294 1679 498 1761 colligendum
527 1689 581 1742 est.
624 1694 625 1698 ’
647 1677 789 1742 Ceterum
815 1679 1051 1743 Valckenarium
1071 1695 1192 1768 praeter
1241 1700 1246 1713 ‘

145 1783 219 1846 alias
240 1795 361 1846 'caussae
381 1783 430 1845 his
449 1782 523 1868 ipsis
537 1779 660 1845 Alberti
680 1780 917 1844 dubitationibus
930 1784 1031 1860 lectis,
1053 1783 1086 1844 in
1099 1806 1192 1850 suam

147 1885 326 1971 opinionem
347 1895 476 1949 tractum
496 1905 581 1962 esse,
601 1883 723 1946 infitiari
743 1905 836 1945 nemo
856 1884 983 1969 poterit3
1015 1905 1190 1972 quanquam

145 1987 363 2067 multomagis,
385 1997 419 2048 ut
429 1987 549 2072 opinor,
571 1997 673 2048 motus
691 1997 737 2049 est
749 1984 882 2047 Bentleii
898 1986 1080 2066 auctoritate,
1103 1989 1190 2053 cuius

146 2089 261 2170 ingenii
288 2088 446 2170 divinitate
474 2088 638 2173 abripimrn
665 2101 789 2166 omnes,
822 2088 874 2172 qui
901 2089 1017 2173 primus
1041 2090 1190 2175 epistolae

145 2188 242 2254 iidem
254 2191 520 2276 auctoritatemque
540 2191 744 2277 impugnavit,
764 2189 853 2275 epist.
868 2188 909 2250 ad
922 2189 1069 2271 illillium,
1089 2215 1119 2282 p.
1134 2200 1188 2258 37.

145 2291 252 2374 Quum
272 2294 356 2357 enim
372 2292 544 2374 Hesychius
559 2291 699 2372 dixisset,
721 2315 755 2356 se
776 2285 861 2354 κατὰ
880 2285 941 2354 τόν
957 2291 1189 2377 γραμματικόν

142 2391 352 2476 Ἡρωδιανὸν
375 2395 479 2457 omnia
499 2395 668 2481 scripsisse,
695 2404 803 2457 monet
816 2391 973 2457 Bentleius
994 2396 1086 2481 ‚tago
1099 2407 1188 2479 uero,

145 2498 198 2582 qui
212 2496 382 2559 Theodosii
395 2497 455 2560 ttts.
475 2490 653 2578 Ἐπιτομῆν
677 2497 735 2579 τῆς
748 2490 897 2562 καθόλου
913 2482 1189 2565 Ἠοτοᾶὶεὴίῖὶεῐίι

144 2600 223 2680 tavi,
249 2599 407 2677 testificor,
435 2620 543 2685 parum
561 2600 632 2660 huic
654 2601 815 2684 promitto,
842 2602 894 2663 vel
915 2603 999 2663 nullo
1020 2601 1116 2666 modo
1135 2607 1189 2666 aaa

144 2701 298 2765 tisfacurm
313 2701 410 2764 esse.“
960 2780 962 2785 Ι

127 2859 130 2864 .
182 2815 184 2819 ⁴
229 2804 315 2865 Hae'c
339 2806 404 2865 fere
423 2814 493 2866 sunt
519 2824 596 2888 quae
618 2802 676 2868 viri
708 2802 790 2866 docti
811 2804 850 2867 de
870 2806 1067 2888 Hesychiano
1086 2807 1187 2872 lexico

146 2905 270 2990 eiusque
290 2927 364 2969 vera
388 2906 503 2986 origine
526 2917 556 2968 et
580 2907 710 2987 genuina
724 2910 823 2969 forma
838 2907 1035 2994 disputanmt.
1076 2908 1188 2971 Nostra

123 3094 127 3103 Β
145 3018 243 3070 aetate
263 3010 328 3070 fere
344 3029 452 3071 omnes
472 3009 571 3070 lexico
592 3008 788 3089 Hesychiano
810 3011 856 3069 usi
869 3020 953 3084 sunt,
975 3011 1018 3068 uti
1037 3013 1184 3091 parerat:

146 3106 382 3193 disputationem
402 3122 505 3172 autem
532 3109 571 3176 Jde
591 3110 669 3171 libro
690 3110 758 3193 ipso
778 3129 871 3168 nemo
892 3109 1023 3170 scribere
1047 3105 1184 3168 instituit

144 3209 261 3274 Licebit
286 3209 376 3290 igitur
394 3212 472 3273 mibi
503 3231 606 3272 meam
633 3231 786 3295 exponere
803 3211 1005 3289 tententiam3
1027 3227 1102 3295 qua,
1126 3207 1186 3270 nisi

144 3311 263 3391 egregie
274 3313 379 3390 fallor,
397 3333 446 3374 res
459 3322 523 3372 tota
538 3311 711 3374 absolvitur.

225 3412 344 3477 Venun
358 3435 415 3492 ego
432 3412 500 3476 libri
513 3412 604 3475 huius
617 3426 771 3478 auctorem
792 3413 986 3499 Pamphilum
1001 3432 1068 3474 esee
1082 3408 1185 3492 crede,

141 3510 386 3577 Alexandrinum
406 3514 652 3593 grammaticum,
675 3514 715 3578 de
730 3517 814 3579 cuius
828 3527 926 3577 aetate
947 3527 978 3576 et
990 3514 1107 3599 scriptis
1119 3512 1187 3576 sin.

141 3617 235 3696 gulari
260 3617 364 3678 libello
386 3634 549 3698 exponam.
591 3615 694 3681 Primo
717 3618 792 3680 illud
811 3629 882 3704 post
904 3616 1057 3680 Christum
1077 3618 1184 3678 seculo

139 3716 310 3792 eonditum,
339 3715 475 3779 secundo
498 3729 545 3781 est
564 3722 603 3782 ab
624 3718 819 3800 Diogeniano
848 3721 1045 3800 grammatico
1077 3726 1185 3780 excer-

65 3813 69 3816 ⁴
136 3830 245 3904 ptum.¹
275 3814 459 3895 Diogeniani
479 3819 591 3883 librum
610 3823 700 3902 igitur
721 3823 862 3886 manibus
883 3823 1024 3899 terimus,
1053 3823 1092 3884 ab
1114 3819 1184 3882 He*

124 3919 242 4002 -sycbio
255 3919 360 3981 nescio
375 3941 435 4006 quo
449 3921 662 3988 additamentis
674 3925 826 4010 pollutum
838 3937 869 3987 et
883 3928 1078 3990 maculatum.
1112 3919 1184 3985 Ae-

133 4019 262 4085 ‘cautu
276 4019 394 4101 siugtda
404 4032 512 4106 postea
529 4022 821 4091 demonstrabuntur.
842 4036 845 4043 '
