2534 4644
1095 257 1135 326 41

98 437 142 517 ll,
164 443 241 503 1031
256 458 339 523 seqq.
361 455 425 496 non
438 434 540 496 solum
554 439 652 492 totum
667 425 844 511 Etymologi
863 430 966 490 locum
979 429 1139 515 explicavit

98 540 305 619 sagacissime,
327 534 383 598 sed
397 531 514 596 addidit
525 533 633 610 etiam,
656 551 732 615 quae
749 532 829 592 hanc
849 529 1056 592 difficultatem
1068 533 1138 596 vin-

99 661 166 702 cere
177 639 327 702 videntur.
371 634 428 697 Ait
446 634 528 696 enim
549 634 636 713 „Hoc
647 635 775 694 fortasse
792 632 921 717 pertinet
931 631 970 693 ad
981 635 1068 695 illum
1080 635 1138 698 se.
1230 660 1235 671 =

97 741 242 802 linusiurn
274 743 433 816 lenonem,
475 735 536 820 qui,
552 732 639 796 dives
667 736 765 794 factus
793 735 955 797 vetenedo
987 731 1028 798 τὰ
1058 729 1140 800 ὄντα

98 837 292 924 προῦθηκεν
307 837 357 918 ,εἰς
376 830 538 918 ἁρπαγήν.
582 832 671 898 Unde
688 845 795 896 natum
813 835 1009 918 proverbium
1025 830 1141 918 Ἀρπα-

99 936 144 1024 pei
168 936 209 1004 τὰ
233 936 405 1021 Κιννάρου
419 940 537 1002 Zenob.
550 935 580 1015 1,
603 940 654 1000 31.
707 933 775 997 Iarn
802 937 830 998 si
846 936 1036 1018 Hesychiurn
1067 963 1141 1004 con.

101 1045 240 1123 serimus,
261 1043 343 1129 apud
356 1045 457 1128 ipsum
468 1062 493 1103 s.
512 1061 543 1103 v.
559 1031 706 1119 ‘Aonuyoi
725 1033 766 1099 τοὶ
787 1034 960 1119 Κιννοὶοου
973 1040 1081 1104 eadem
1091 1045 1141 1106 in-

101 1133 270 1210 venimus.“
293 1181 331 1193 -
353 1167 383 1231 p.
401 1147 480 1221 296,
500 1139 552 1203 12.
570 1160 595 1201 s.
614 1160 645 1202 v.
664 1135 754 1220 εἰδῇς
775 1136 939 1222 disputatur
970 1142 1009 1205 de
1033 1148 1141 1211 fonnis

101 1249 284 1311 coniunctivi
302 1245 397 1322 εἰδῶ,
414 1244 498 1305 cuius
519 1239 728 1325 disputationis
738 1241 855 1301 nullmn
866 1243 986 1305 ostendi
996 1259 1097 1330 potest
1108 1249 1158 1310 in.

100 1350 297 1431 Hesychiano
320 1346 419 1407 lexico
437 1343 615 1422 vestigium,
637 1363 697 1426 quo
718 1341 756 1403 de
774 1353 881 1426 postea
900 1344 1033 1429 pluribus
1053 1369 1143 1428 agere

103 1452 247 1528 cogimur.
272 1487 311 1496 -
337 1469 367 1533 p.
384 1443 498 1525 1431.
513 1466 538 1507 s.
550 1466 580 1508 v.
601 1437 808 1524 Ἀρίστυλλος
829 1439 956 1528 ,ὄνομα
968 1443 1145 1529 rapturi-

104 1546 263 1631 οτοφάνει
289 1576 332 1596 ⁶·
358 1542 521 1629 Διογένης
539 1539 611 1608 ἀντὶ
638 1547 700 1609 τοῦ
727 1541 880 1627 mauro?
907 1535 1091 1630 Hesych.'I‚
1113 1574 1144 1637 p.

105 1652 177 1716 535.
190 1653 313 1715 nonnisi
335 1644 580 1730 ,,Ἀρλοτνλλος·
603 1641 741 1730 ὅνομα.“
765 1686 802 1694 -
827 1653 941 1733 p.101‚
960 1655 987 1712 1.
1009 1645 1146 1730 ,Ἄναυ-

105 1775 179 1832 ρος,
202 1747 268 1830 ὁέξ
282 1749 388 1818 ὑετῶν
399 1745 637 1833 συνιστάμενος
663 1745 810 1832 ποταμὸς
829 1745 919 1832 νεαροὶ
940 1747 978 1813 τὸ
1002 1747 1047 1837 μὴ
1064 1751 1159 1836 ἔχειν

105 1850 226 1936 αὔρας·
259 1854 292 1919 οἱ
310 1850 501 1938 χειμαρῤολ,
526 1848 686 1936 διώρυχες
704 1849 761 1916 κοιλ
784 1843 899 1932 ὀχετοὶ.
921 1854 1039 1935 Atoy.“
1081 1857 1148 1918 He-

105 1960 181 2041 sych
209 1957 241 2037 Ι,
263 1980 293 2043 p.
315 1955 386 2021 346.
409 2003 427 2034 ,,
435 1951 542 2036 ὄνομα
564 1955 718 2036 ποταμοῦ
737 1952 848 2015 deinde
867 1948 1042 2035 οἷνυύοοις·
1074 1956 1149 2041 δίχα
1174 2025 1176 2032 ,

108 2055 233 2139 ἀνέμου
242 2059 259 2089 “
281 2058 358 2118 nihil
377 2068 540 2141 praeterea.
570 2093 609 2102 -
634 2059 708 2134 108,
731 2053 782 2118 24.
805 2047 994 2138 ‚‚dvq'vopa,
1031 2052 1149 2138 ἄνουν,

108 2153 292 2234 ἀδύνατον,
315 2152 441 2233 δειλόν,
463 2149 617 2231 ἄτεκνον,
639 2149 682 2218 ου’
695 2158 862 2237 γεννῶντα
876 2151 1064 2241 Διονένης.“
1084 2162 1151 2223 He-

108 2262 193 2343 sych.
209 2259 233 2339 l,
248 2263 319 2324 376.
342 2251 529 2340 ,ν’νήνοΡυ·
553 2252 736 2322 ἀδύνατον·
759 2253 946 2339 ἄνανδρονιι
968 2298 1007 2309 -
1032 2283 1064 2347 p.
1081 2268 1151 2342 110,

108 2368 160 2428 32.
190 2356 404 2444 ,,ἆνλοχνλον·
440 2354 580 2436 ἄτοκον,
600 2352 635 2442 ἥ
655 2353 877 2443 ἀνήμελκτον·
915 2353 1152 2445 ἢᾰθήλαοτον.

109 2466 224 2546 Λιογ.“
266 2463 381 2526 Totum
392 2463 577 2527 vocabulum
598 2482 654 2524 suo
667 2463 736 2522 loco
750 2483 814 2523 non
831 2463 984 2526 invenitur
1002 2465 1035 2526 in
1049 2466 1152 2547 Hesy-

111 2569 195 2646 chio‚
223 2565 279 2655 sed
296 2566 483 2651 reperiuntur
500 2566 545 2627 rei
565 2564 708 2643 vestigia,
742 2561 782 2626 Π.
801 2585 832 2649 Ρ.
854 2566 904 2628 80.
933 2562 1153 2648 ,,ἰσχνλεῦσυι,

110 2664 273 2752 θηλοὶουιιι
293 2669 444 2752 imprimis
462 2680 580 2746 autem,
601 2665 640 2728 lt.
658 2687 690 2750 p.
715 2667 806 2729 1328.
836 2665 1024 2747 ,,σχαλίσαι,
1051 2665 1156 2750 dodoi·

113 2785 168 2832 σοι
191 2765 246 2831 καλ
266 2761 445 2847 ἄνλσχυδον
463 2763 501 2830 τὸ
522 2762 648 2830 ἄτοκον
666 2763 722 2829 ναὶ
743 2759 959 2848 ἅλλήλοιοτονιι
981 2770 1036 2832 uhi
1053 2773 1170 2838 confer,

112 2871 307 2955 Interpretes3
330 2871 381 2954 qui
392 2872 461 2932 loeo
473 2872 588 2932 litterae
601 2870 710 2930 ireete
721 2868 765 2930 ibi
780 2867 801 2933 d
812 2864 974 2956 reponunt.

197 2971 354 3034 Praeterea
375 2969 660 3052 Diogenisnomen
678 2972 730 3032 vel
744 2969 830 3053 Diog
871 2973 879 2989 ⁶
949 2973 983 3035 in
996 2971 1159 3054 Etymolo-

113 3075 180 3155 gico
200 3073 316 3152 Magno
336 3074 479 3159 nuspiam
495 3073 617 3152 legitur,
645 3082 794 3156 quantum·
900 3074 951 3137 em
971 3075 1051 3156 sci03
1077 3077 1159 3136 mul-

113 3189 180 3239 tum
197 3187 301 3237 tamen
314 3178 415 3253 abest,
429 3185 470 3235 ut
479 3175 511 3235 in
523 3172 737 3256 Etymologieo
752 3176 829 3237 nihil
841 3186 996 3262 praeterea
1008 3199 1075 3239 esse
1087 3199 1160 3238 cen-

116 3299 201 3342 seam
213 3299 252 3338 ex
265 3277 330 3339 eius
343 3277 442 3337 lexico
455 3277 613 3353 haustum,
636 3275 743 3360 quibus
758 3279 888 3341 auctoris
900 3299 1016 3339 nomen
1027 3299 1089 3339 non
1105 3298 1161 3362 ap-

117 3380 253 3466 positum
270 3389 330 3452 est,
358 3388 393 3444 ut
409 3378 505 3440 sciam
522 3378 639 3463 potius,
670 3379 799 3463 plurima
821 3379 866 3441 ibi
885 3379 993 3463 sc1ipta
1013 3374 1053 3438 ad
1080 3379 1162 3438 hunc

119 3491 273 3543 auctorem
295 3482 399 3542 referri
416 3480 538 3543 debere.
591 3478 637 3541 Ita
664 3480 809 3563 quoniam
829 3479 868 3543 de
886 3501 964 3544 voce
984 3471 1162 3560 οἷνίσχαλον
1250 3482 1263 3503 “

122 3579 319 3643 commodum
329 3585 446 3646 locutus
466 3605 550 3661 sum,
572 3583 698 3644 afferam
717 3580 798 3665 quod
811 3580 1014 3643 Schneiderus
1027 3581 1060 3641 in
1072 3579 1164 3641 Lexi-

123 3705 159 3746 co
173 3704 246 3760 suo,
267 3683 322 3743 ubi
338 3682 377 3744 de
393 3687 444 3746 illa
463 3707 542 3749 voce
557 3685 633 3765 agit,
654 3683 694 3745 de
709 3677 873 3758 ἄνι’ψαλον
892 3682 1021 3744 notavit.
1063 3679 1164 3760 ,3Der-

122 3787 208 3849 selbe
225 3786 279 3845 hat
301 3776 458 3859 ν’νλψνλος
480 3825 518 3835 -
541 3785 604 3848 und
628 3786 736 3848 erkliirt
758 3805 791 3847 es
808 3777 970 3867 ἀβλαβὴς,
997 3795 1074 3846 setzt
1093 3787 1170 3847 aber.

123 3886 236 3949 hinzu“
259 3882 292 3948 oi
316 3882 351 3949 di
372 3880 502 3968 ἡλικίαν
523 3885 632 3966 τάξον,
662 3907 786 3951 woraus
803 3887 942 3964 erhellet,
973 3885 1044 3948 dass
1063 3885 1166 3967 Hesy-

127 3990 211 4052 chius
233 3976 369 4053 dieselbe
388 3987 481 4052 Stelle
498 4011 555 4054 vor
573 3990 686 4072 Augen
706 3974 815 4068 hattep
827 4009 881 4053 wo
903 4009 935 4050 er
946 3998 1027 4067 sagt:
1051 3980 1167 4066 ἆνλψα·
