2534 4644
159 296 244 359 1⁰8.

158 464 251 540 cium,
272 459 328 525 sed
342 470 403 538 est,
425 459 478 522 uhi
499 458 630 535 dubitet,
653 480 690 520 an
703 458 742 522 sit
763 460 864 544 potius
876 459 952 522 liber
969 457 1044 538 περὶ
1065 455 1196 542 ἰχθύων

155 562 380 644 intelligendus,
409 564 460 622 cir.
475 560 541 622 lnd.
559 560 649 622 Auct.
662 562 871 639 utilissimum,
894 561 959 623 sine
978 584 1038 646 quo
1053 564 1135 624 hunc
1155 565 1195 626 li-

154 670 270 729 bellum
289 667 418 727 scribere
434 685 496 724 non
509 665 575 725 sine
591 665 707 724 maiore
721 665 859 725 molestia
871 663 1054 748 potuissem,
1076 688 1106 750 p.
1122 664 1193 730 101.

158 807 196 817 -
214 766 330 828 Athen.
347 765 413 842 lx,
440 786 470 849 p.
499 770 570 829 371.
592 787 616 827 s.
631 787 661 827 v.
684 760 922 847 „Kspoilorrov'
949 759 1138 840 Ἐπαίνετος
1159 759 1193 829 δ’

156 866 193 935 ἐν
216 863 443 947 Ὀψαρτυτικῷ
464 861 505 929 τὰ
533 863 707 949 sepulcrali
734 868 907 930 καλεῖσθαι
940 863 1042 949 φησίν
1069 868 1193 949 milvi.-

156 971 280 1046 urard
322 968 422 1030 Abest
440 971 478 1029 ab
497 969 669 1050 Hesychiu‚
691 969 762 1031 vide
785 981 885 1029 tamen
904 967 1116 1050 γηθυλλίδαι,
1142 969 1194 1030 ubi

156 1095 195 1135 ex
207 1070 344 1151 Didymo
365 1071 466 1131 omnia
487 1073 593 1133 hausta
612 1092 679 1133 esse
696 1070 785 1133 docet
804 1070 992 1134 Athenaeus.
1016 1108 1054 1117 -
1074 1068 1192 1131 Athen.

154 1171 219 1250 lx,
242 1170 319 1248 395,
341 1173 363 1231 f.
393 1173 576 1255 ,,Παρῆσαν
603 1169 639 1235 di
660 1167 817 1247 πολλάκις
844 1167 924 1256 ἡμῖν
942 1167 999 1236 καί
1020 1169 1054 1235 οί
1073 1166 1194 1236 κακίον’-

49 1352 53 1357 ,
155 1295 248 1359 μενοι
268 1268 491 1351 παραστάται·
522 1261 570 1335 ὧν
594 1270 794 1357 μνημονεύει
818 1267 1005 1348 Ἐπαίνετος
1033 1270 1069 1337 ἐν
1090 1267 1194 1357 duro

154 1377 277 1462 ποτικῷ
298 1407 339 1419 -
361 1371 423 1437 elul
445 1370 478 1438 δ’
505 1374 538 1438 ol
557 1368 663 1456 ὄρχεις
687 1370 774 1439 οὗτοι
794 1369 1025 1459 καλούμενοι.“
1056 1377 1192 1457 Hesych.

155 1471 369 1559 Παραστάται
389 1470 430 1536 τὰ
452 1468 519 1538 ὑπὸ
546 1477 615 1538 τῶν
635 1479 770 1560 νεφρῶν
793 1469 906 1559 ἀγγεῖα
918 1474 971 1541 καί
988 1476 1022 1540 οί
1036 1472 1122 1558 προς
1135 1474 1194 1554 τὰς

153 1578 222 1658 ὤας
243 1574 415 1661 στήμονος·
438 1578 490 1641 cfr.
504 1574 633 1640 Casaub.
653 1602 684 1664 p.
706 1584 776 1644 678.
798 1577 993 1658 (Schweigh.
1012 1580 1084 1643 Vol.
1097 1580 1138 1659 V,
1161 1604 1196 1666 p.-

156 1688 226 1750 182.
245 1680 405 1759 Animm.)
430 1717 467 1724 —
493 1677 538 1740 lb.
558 1680 637 1759 XII,
662 1683 733 1746 515.
756 1681 795 1742 de
814 1703 892 1743 voce
913 1675 1043 1763 καρύκη
1065 1673 1194 1768 eiusque

154 1781 310 1866 σκευασίᾳ
330 1780 485 1865 scripsisse
504 1780 695 1865 Epaonetmn
712 1780 860 1867 perhibet.
883 1785 934 1843 cir.
955 1783 1090 1864 Hesych.
1112 1806 1137 1847 s.
1160 1807 1192 1848 v.

152 1880 291 1967 καρύκη.
335 1882 492 1944 Postremo
513 1882 553 1942 ad
566 1904 677 1944 vocem
698 1884 791 1965 μῦμα
810 1883 940 1961 accedo,
964 1884 1002 1946 de
1019 1907 1077 1968 qua
1094 1890 1192 1950 multa
1248 1928 1252 1934 -

153 1978 333 2052 Athehaeus
346 2006 385 2046 ex
396 1983 552 2070 Epaeneto
565 1986 687 2068 protulit
700 2006 731 2070 p.
746 1988 818 2049 663.
834 1983 864 2046 d.
886 1987 1019 2067 Hesych.
1042 1990 1192 2070 ,,Μῦμα·

151 2083 323 2173 θριὸὄικων
348 2084 470 2168 τρίμμα
490 2083 547 2148 καί
567 2079 723 2168 ὑπόχυμοί
744 2086 795 2149 τι“
817 2088 868 2147 cfr.
888 2108 998 2152 rocem
1014 2089 1193 2170 μίμαρκυς.

152 2194 232 2257 Tam
253 2210 350 2276 pauca
370 2191 464 2250 habet
483 2189 676 2272 epitomator‚
704 2198 737 2247 ut
763 2187 839 2249 nihil
862 2190 933 2250 certi
954 2189 1027 2252 inde
1047 2195 1195 2273 colligere
1236 2274 1237 2278 Ἰ

150 2299 248 2360 liceat.
1187 2338 1191 2344 -

236 2391 515 2476 Contemplantibus
540 2393 629 2454 nobis
653 2394 729 2454 haec
754 2413 792 2454 ex
813 2392 969 2478 Epaeneto
990 2395 1069 2480 apud
1084 2395 1190 2458 Athe-

151 2518 264 2564 naeum
278 2506 309 2556 et
320 2494 508 2572 Hesychium
521 2494 627 2571 obvia,
647 2517 711 2555 non
727 2497 889 2556 obscurum
905 2508 966 2574 est,
987 2497 1020 2558 in
1032 2518 1064 2558 re
1080 2500 1193 2582 coqui-

150 2601 234 2664 naria
254 2593 449 2678 Pamphilum
468 2595 597 2678 plurima
614 2593 771 2681 Epaeneto
792 2596 945 2661 debuisse:
973 2600 1014 2660 ita
1034 2611 1068 2660 ut
1085 2598 1194 2664 Athe-

50 2743 54 2752 .
150 2708 260 2778 naeus,
284 2699 352 2781 ipso
374 2695 439 2756 eius
459 2685 536 2756 libro
555 2698 792 2782 noninspect0,
821 2699 885 2761 eius
903 2698 981 2762 dicta
1003 2723 1193 2782 cognoscere

149 2806 215 2870 sine
228 2799 314 2863 omni
330 2797 454 2876 negotio
472 2799 612 2880 potuerit.
655 2798 835 2862 Deteximus
855 2800 943 2880 igitur
960 2805 1076 2865 fontem
1096 2804 1193 2868 Pam-

149 2907 226 2994 phili
243 2903 448 2988 Epaenetum‚
470 2900 589 2959 fontem
605 2898 760 2962 Athenaei
777 2901 987 2988 Pamphilum3
1009 2928 1109 2991 neque
1130 2907 1193 2970 du.

148 3010 280 3074 bitamus
295 3001 441 3085 amplius,
470 3001 541 3083 quin
562 3001 734 3082 Hesychius
755 3015 858 3067 noster
885 3008 949 3067 fere
970 3008 1046 3068 nihil
1069 3009 1108 3069 sit
1129 3011 1192 3074 nisi

148 3107 323 3194 Pamphilus
338 3103 468 3164 brevior.

232 3204 381 3270 Redimus
400 3202 440 3264 ad
460 3223 496 3263 ea
516 3200 705 3266 Artemidori
722 3206 846 3291 scripta,
873 3209 905 3269 in
926 3208 1033 3292 quibus
1051 3205 1192 3277 Graecae

147 3317 267 3394 linguae
278 3307 397 3369 dialecti
408 3305 639 3390 explicabantur.
683 3305 825 3371 Vidimus
839 3310 935 3387 enim,
954 3307 1191 3378 Artemidorum

147 3411 241 3498 „eropi
264 3406 435 3489 Δωρίδοςιι
457 3408 665 3492 composuisse
684 3409 812 3489 librum3
834 3432 895 3494 quo
919 3411 945 3472 si
962 3410 1096 3476 diversas
1117 3414 1190 3479 Do‘-

146 3539 214 3582 rum
226 3513 365 3576 omnium
387 3508 529 3569 dialectos
552 3504 807 3595 comprehendere
828 3512 939 3590 voluit,
961 3516 1090 3577 aliorum
1110 3539 1190 3603 ope-

146 3642 178 3683 ra
200 3618 239 3680 de
263 3611 388 3692 singulis
406 3610 513 3695 scripta
534 3611 681 3695 inspicere
701 3611 813 3672 debuit.
857 3612 902 3675 Ita
927 3614 1055 3679 dubitari
1071 3622 1189 3704 nequit,

146 3722 219 3806 quin
238 3713 452 3799 Aristophanis
476 3713 588 3774 librum
613 3712 651 3774 de
668 3712 816 3773 Laconica
838 3712 965 3779 dialecto
987 3724 1187 3806 usurpaverit.

145 3819 241 3901 Quod
265 3820 292 3882 si
316 3838 423 3880 rerum
445 3820 511 3894 est,
548 3814 691 3900 quoniam
715 3812 890 3898 Pamphilus
912 3817 1128 3907 Aristophanis
1156 3832 1189 3887 et

145 3919 333 3986 Artemidori
349 3919 432 3981 libris
450 3939 523 3980 usus
541 3927 601 3993 est,
623 3917 750 3977 fortasse
771 3917 838 4003 ipse
860 3943 980 4006 quoque
999 3944 1061 3983 non
1082 3924 1188 4008 ipsum

145 4021 357 4108 Aristophanis
375 4040 453 4102 opus
471 4017 615 4103 inspexit,
648 4016 704 4079 sed
728 4041 767 4082 ex
787 4021 972 4104 plenioribus
994 4023 1187 4092 Artemidori
