2534 4644
1078 317 1143 378 m

35 480 64 551 1
106 470 127 559 ἡ
159 474 301 561 συστολὴ
331 473 561 542 ἀνέδωκετδυ
588 474 704 543 τόνον·
744 475 787 544 ού
820 475 885 562 γάρ
915 477 1145 563 παροξύνομεν

105 578 188 644 κατά
209 582 270 645 τόν
293 578 504 664 Πάμφιλον.“
546 580 643 643 Bekk.
668 604 699 667 p.
719 587 774 659 81,
796 580 839 645 44
857 620 890 630 -
911 581 961 646 47.
986 620 1024 630 -
1054 584 1098 647 lb.
1113 608 1143 669 p.

106 687 166 760 39,
189 687 230 746 26
251 704 335 768 seqq.
363 683 404 745 ad
425 682 460 746 ll.
486 686 528 761 A,
552 682 623 748 493.
656 675 729 761 ,ὅτε
751 678 792 766 δή
822 677 851 766 ῤ’
881 680 918 748 έκ
940 688 1027 749 τοῖο·
1054 679 1144 762 Ἀρί-

105 788 243 868 σταρχος
264 775 361 867 ὁτεδὴ
384 779 429 861 ὥς
450 780 574 869 δηλαδὴ
594 779 790 868 παραλόγως
810 781 1020 872 ἀνεγίνωσκε·
1046 781 1144 869 Πάμ-

105 889 202 966 φιλος
223 882 259 950 δὲ
281 883 334 951 ὅτε
355 882 431 950 κατ’
454 886 543 951 ἰδίαν
565 881 790 970 άναφορικόν·
813 880 1002 969 ἀναλόγωςιι
1024 902 1091 951 cett.
1104 928 1141 961 r-

103 988 149 1050 lb.
167 987 225 1066 65,
247 992 277 1051 b.
300 994 351 1054 27.
373 989 413 1052 ad
429 989 465 1053 Π.
488 991 519 1052 Β
539 996 612 1056 262.
641 986 871 1071 ,Ἀρίσταρχος
890 989 1144 1074 περισπωμένως
1249 998 1253 1005 ’

106 1082 324 1170 ἀναγινώσκει
344 1088 468 1172 ὁμοίως
488 1089 543 1155 καί
565 1087 602 1156 τό
630 1085 699 1174 ,ἠοῖ
723 1091 800 1155 δίαν
820 1089 950 1175 ἔμιμνε·
973 1090 1028 1156 καλ
1048 1086 1143 1176 ἡμεῖς

105 1185 141 1253 δέ
172 1186 263 1277 αύτῷ
291 1184 607 1277 συγκατατιθέμεθα.
650 1191 832 1267 Διονύσιος
862 1190 897 1257 δὲ
925 1189 944 1258 ὁ
977 1190 1143 1270 Σιδόνιος

104 1285 229 1367 ὀξύνει·
255 1289 433 1378 Πάμφιλος
454 1291 490 1360 δὲ
504 1290 612 1370 πάσας
631 1291 689 1372 τὰς
709 1289 866 1371 τοιαύτας
888 1294 1067 1373 αίτιατικάς
1087 1317 1143 1361 πε-

104 1396 215 1478 ρισπᾷ.
257 1397 357 1476 Λητώ
382 1393 446 1481 γάρ
469 1391 502 1461 δ’
530 1391 650 1481 ἥλκησε
678 1393 755 1476 ,καὶ
778 1392 922 1462 Πυθύδ’
952 1394 1141 1481 ἐρχομένην,

103 1491 173 1558 έπεί
193 1509 275 1580 φησι
298 1492 411 1581 Λητόιτ
431 1493 503 1561 έστλ·
527 1497 584 1564 καί
613 1498 768 1563 Πυθόα.“
790 1538 828 1548 -
855 1500 902 1564 lb.
923 1523 953 1586 p.
974 1505 1024 1564 82.
1047 1504 1079 1589 ί),
1099 1500 1142 1566 49

102 1619 185 1682 seqq.
208 1596 248 1659 ad
267 1598 305 1678 Β,
328 1600 400 1665 523.
422 1602 528 1685 πηγῆς
547 1599 599 1666 ἔπι
620 1603 850 1684 ,Πτολομοιῑος
868 1598 1065 1694 ἀναστρέφει
1085 1601 1142 1667 καὶ

104 1695 309 1783 Πάμφιλος·
324 1696 474 1779 Ἀλεξίων
501 1697 675 1768 σνντάσσει
700 1705 742 1788 τῇ
761 1707 876 1790 γενικβ
899 1698 960 1788 τὴν
980 1702 1142 1785 πρόθεσιν
1246 1763 1249 1769 ,

102 1799 158 1864 καί
187 1797 250 1865 ούκ
278 1797 488 1887 ἀναστρέφει.
535 1797 750 1887 Ἀρίσταρχος.
770 1802 806 1869 δὲ
833 1809 903 1882 τοῖς
929 1791 1141 1888 κυριωτέροις

102 1901 279 1968 συνέτασσε
299 1900 360 1981 τάς
378 1903 582 1988 προθέσεις.“
605 1944 644 1954 -
666 1906 712 1969 lb.
731 1930 762 1993 p.
779 1909 830 1988 84,
849 1930 876 1988 a,
893 1909 944 1974 43.
959 1910 999 1972 ad
1013 1912 1049 1973 Β.
1067 1911 1139 1975 557.

102 2005 329 2082 ,δυοκαίδεκα
360 2003 537 2090 Πάμφιλος
561 2007 638 2089 τρία
662 2011 752 2072 ποιεῖ
774 2007 831 2072 καὶ
851 2005 935 2073 κατά
955 2006 1140 2091 παράθεσιν

102 2091 327 2188 ἀναγινοίσκει.
352 2101 510 2192 ἀφορμὴν
531 2106 566 2173 δὲ
589 2106 651 2193 ἔχει
672 2102 692 2191 ἡ
714 2103 797 2171 κατά
810 2105 969 2174 σύνθεσιν
991 2105 1140 2194 ἀνάγνω-

102 2221 153 2282 σις
176 2203 237 2290 τὴν
258 2205 432 2292 ποιητικὴν
451 2211 587 2293 χρῆσινιι
609 2222 676 2273 cett.
698 2230 775 2295 quae
790 2213 984 2274 contractiora
996 2217 1142 2298 praebent

102 2308 191 2372 codd.
203 2309 342 2374 Venetus
356 2314 406 2374 alt.
430 2323 460 2374 et
472 2312 556 2399 Lips.
577 2306 660 2395 ,ἀφ’
680 2310 719 2376 δν
740 2305 971 2394 ἀναγνωστέον
991 2311 1058 2393 καί,
1072 2313 1141 2379 έστι

100 2409 253 2497 ποιητικὴ
281 2407 303 2496 ἡ
332 2418 478 2498 χρῆσις.“
501 2454 539 2464 -
570 2414 615 2477 lb.
639 2437 670 2500 p.
693 2413 773 2496 240,
795 2438 830 2498 a,
851 2420 882 2481 8.
912 2415 1057 2497 ,Νικίας
1084 2415 1141 2480 καί

101 2527 280 2615 Πάμφιλος
300 2531 483 2599 δασύνουσι
502 2528 541 2598 τό
560 2508 695 2616 αμα-ιδις,
722 2529 791 2599 έπελ
812 2530 904 2615 παρά
921 2532 962 2601 ’τό
985 2531 1054 2618 άμα
1075 2531 1141 2618 έγέ·

99 2650 193 2698 νετο·
217 2628 235 2699 ὁ
258 2631 293 2698 δὲ
311 2618 546 2717 Ἀσκαλωνίτης
566 2633 621 2700 καλ
642 2635 676 2700 οἱ
696 2635 769 2718 περὶ
787 2633 959 2715 Ἀλεξίωνα
973 2640 1140 2714 φιλοῦσιν,

100 2729 186 2798 πολύ
209 2731 243 2797 δέ
261 2728 423 2814 πρότερον
444 2733 499 2797 καὶ
521 2735 555 2798 οἱ
575 2734 648 2815 περὶ
667 2732 895 2819 Ἀρίσταρχον,
916 2737 1053 2815 καθότι,
1077 2762 1140 2822 φα-

102 2833 151 2911 σλ,
174 2837 265 2918 φιλεῖ
283 2855 354 2910 πως
374 2831 415 2898 τά
438 2829 502 2898 ἀπό
525 2833 651 2899 δασέων
671 2858 741 2913 πως
765 2833 922 2913 πολλάκις
940 2854 1139 2924 μετασχημα-

101 2931 251 3018 τιζόμενα
269 2937 483 3013 ψιλούσθαι.“
506 2975 544 2984 -
566 2938 611 3000 lb.
624 2937 701 3017 274,
724 2961 751 3002 a.
774 2939 824 3004 43.
843 2940 883 3002 ad
906 2940 941 3004 ll.
965 2942 1005 3004 K.
1027 2946 1075 3006 18.
1098 2937 1138 3026 ,ἡ

101 3038 213 3122 διπλῆ,
244 3034 294 3104 ὅτι
318 3036 496 3122 Πάμφιλος
517 3034 578 3121 την
602 3036 653 3104 ἐπὶ
674 3035 885 3124 ἀναστρέφει·
911 3037 1141 3125 πιθανώτερον

101 3139 136 3206 δέ
159 3138 225 3206 έστι
240 3137 278 3206 τό
294 3135 485 3206 ἀκόλουθον
499 3136 718 3225 φυλάττοντες
731 3138 971 3226 ἀναγινάσκειν
987 3142 1039 3210 ἐπὶ
1052 3149 1147 3227 πρῶ(

99 3265 159 3308 του
188 3238 351 3322 Νέστορα.
383 3239 496 3320 Ούτως
525 3239 544 3309 ὁ
570 3237 843 3328 Ἀσκαλωνίτης.“
866 3286 904 3296 -
934 3247 979 3308 Ib.
1007 3252 1086 3324 326,
1108 3252 1138 3325 8,

99 3366 181 3429 seqq.
209 3341 248 3405 ad
272 3347 310 3422 A,
333 3344 404 3409 659.
433 3337 649 3425 ,,ούτάμενοι·
673 3338 882 3426 Ἀρίσταρχος
904 3342 948 3422 ὥς
969 3344 1139 3430 ἱστάμενοι

99 3443 155 3510 καὶ
177 3443 382 3527 κιχράμενοι·
412 3441 589 3527 Πάμφιλος
609 3442 661 3522 δὲ,
689 3439 734 3520 ύς
756 3441 965 3529 δεδαρμίνοι·
996 3445 1062 3512 ἐπεί
1084 3447 1139 3514 καλ
1231 3492 1236 3501 -

99 3542 137 3610 ’τό
167 3542 358 3629 βεβλημένοι
388 3542 595 3611 συντελικόν·
626 3542 804 3610 καλ·δοκεῖ
828 3544 867 3611 τό
895 3551 1051 3612 τοιοῦτον
1074 3544 1138 3614 ἀπό

101 3645 215 3712 ένικού
237 3639 384 3728 ἀριθμοῦ
405 3645 492 3713 πολύ
507 3645 671 3730 πρότερον
681 3651 911 3730 τεθεωρῆσθαι
929 3643 1011 3731 παρ’
1034 3645 1135 3735 αὐτῷ.

101 3745 182 3831 φησὶ
203 3741 284 3829 γάρ·
306 3744 419 3826 ,,,,ούτ’
443 3748 656 3836 αὐτοσχεδίην
669 3743 871 3830 οὐτασμένος
894 3745 1138 3833 ὅξεϊχαλκαλ““·

100 3850 273 3933 συντελικῄ
295 3845 357 3932 γάρ
379 3858 498 3938 μετοχῇ
519 3847 711 3934 σουτελικήν
731 3845 920 3934 ἐπήνεγκεν·
949 3848 1055 3929 οὕτως
1076 3846 1139 3920 οὖν

100 3950 154 4017 καί
186 3948 238 4016 ἐπὶ
265 3952 334 4014 τῶν
364 3957 599 4036 πληθυντικῶν
630 3939 869 4040 ἀναγινώσκειν
896 3951 999 4019 έδει.“
1023 3992 1061 4003 -
1091 3955 1137 4022 lb.

100 4055 176 4134 358,
206 4053 255 4120 34.
286 4048 517 4140 ,Ἀρίσταρχος
541 4052 680 4139 βαρύνει
700 4051 737 4120 τδ
758 4052 863 4123 δαίων
886 4056 941 4122 καί
963 4053 1096 4146 ἐπείσθη
1117 4059 1138 4146 ἡ
