2534 4644
166 279 227 343 tw

164 441 473 528 „druoutuolddqv“
499 444 632 508 scribens
660 442 699 507 de
727 434 817 526 satyr.
841 446 945 507 Horat.
968 446 1021 508 lib.
1039 443 1071 522 l,
1100 467 1131 529 p.
1156 452 1207 523 12,

95 633 98 639 Ι
164 561 242 613 certe
261 549 450 634 probabilem
474 548 607 608 sormam
626 548 758 632 aliquam
782 546 925 610 inducere
952 548 1104 632 cupiebat:
1135 549 1207 631 quia

164 650 337 716 Gasauboni
356 643 516 730 διασάτηρ
539 649 668 733 nimium
688 651 792 734 inepte
810 653 939 712 formata
955 670 1017 712 vox
1033 649 1204 715 ridebatur.

163 753 226 819 Sed
241 773 348 819 ornnes
366 751 399 811 hi
413 758 538 812 conatus
557 750 628 810 irriti
651 736 729 812 sunt.
772 750 853 814 Nam
867 753 910 830 si,
933 763 966 812 ut
980 751 1055 813 ordo
1072 755 1207 837 postulat

164 868 194 920 et
212 876 285 921 sana
303 875 392 920 mens
418 853 553 936 requirit,
581 873 652 912 cum
680 853 801 936 reliquis
828 855 1062 932 coniunguntur:
1098 855 1204 915 omnia

163 967 356 1022 evanescunt.
406 954 469 1017 Sub
490 976 568 1017 vore
597 947 796 1030 „dtrt'vvoov“
817 956 860 1017 ibi
881 968 998 1040 reperta
1017 977 1132 1017 nomen
1158 959 1205 1019 la-

162 1073 226 1123 tere
240 1056 397 1122 cuiusdam
410 1058 516 1134 critici,
540 1057 603 1117 iam
614 1054 764 1119 Kusterus
786 1057 963 1120 coniecerat.
1006 1055 1103 1120 Addo
1116 1060 1204 1142 equi-

89 1179 96 1185 ·
163 1161 236 1225 dem
254 1163 333 1222 hanc
345 1180 467 1242 quoque
482 1179 592 1222 vocem
613 1153 811 1239 „dtoooivqo“
833 1171 1004 1243 corruptum
1018 1180 1086 1221 esse
1102 1180 1205 1238 gram-

162 1263 265 1327 matici
274 1282 406 1324 nomen:
424 1280 600 1343 quanquam
610 1281 674 1320 non
687 1271 751 1321 tam
767 1258 866 1321 audax
879 1282 963 1338 sum,
985 1273 1019 1323 ut
1033 1260 1119 1346 quod
1129 1261 1205 1325 illud

161 1368 252 1430 fuerit
275 1365 419 1427 divinem.
471 1358 665 1439 Διαπαίζειν
686 1357 842 1435 Λάκωνες
862 1373 980 1441 autem,
1004 1361 1098 1424 —id
1122 1373 1203 1425 certo

161 1468 266 1534 ridere
287 1487 339 1529 me
359 1463 486 1531 arbitror
513 1499 546 1508 -
569 1473 616 1524 est
640 1461 681 1523 ad
699 1461 888 1526 Artemidori
906 1466 1001 1526 nostri
1021 1465 1205 1528 sententiam

161 1567 364 1634 referendum.
406 1565 490 1627 Nihil
501 1564 630 1648 amplius
643 1563 675 1624 in
691 1561 915 1629 difficultatibus
929 1567 1005 1645 loci,
1027 1569 1175 1628 hactenus
1187 1585 1204 1625 a

161 1675 244 1744 nullo
258 1671 454 1752 interpretum
467 1666 620 1750 superatis,
635 1667 763 1728 affirmo
810 1667 951 1730 Ceterum
966 1669 1064 1730 obiter
1076 1688 1203 1744 moneo,

161 1770 322 1855 Hermippi
336 1789 459 1835 versum
472 1770 510 1828 ab
532 1767 693 1828 scholiasta
708 1770 846 1847 allatum,
875 1792 931 1832 nec
946 1772 984 1832 ab
995 1751 1135 1850 'Reisigio
1148 1772 1169 1831 l.
1183 1772 1203 1830 l.

160 1897 191 1961 p.
214 1873 265 1938 55.
288 1869 498 1961 emendatum,
520 1869 604 1929 mihi
624 1871 662 1930 ah
691 1870 847 1952 Hesychio
873 1892 899 1934 s.
921 1893 951 1934 v.
976 1868 1205 1938 retexentem

161 1976 355 2060 explanatum
372 1970 487 2034 rideri:
519 1991 610 2054 quare
630 1971 773 2055 equidem
794 1967 1123 2054 σεσαλακωνισμένην
1143 1993 1203 2056 pro

161 2087 300 2161 corrupto
317 2064 594 2152 σεσαλακισμένην
608 2074 791 2157 scripserim.
813 2074 966 2160 Perspicio
978 2087 1091 2151 tamen,
1111 2095 1205 2157 quare

160 2180 311 2258 Reisigius
331 2178 363 2238 in
383 2177 444 2239 hoc
463 2175 631 2252 vocabulo,
654 2178 741 2258 quale
761 2177 795 2237 in
810 2177 971 2262 Hermippi
992 2177 1130 2241 versibus
1145 2197 1206 2262 ap-

159 2292 257 2368 paret,
280 2294 323 2342 oa
343 2280 492 2360 syllabam
506 2275 635 2361 produci
647 2276 804 2340 crediderit
814 2300 916 2363 posse.
931 2317 970 2327 -
992 2277 1082 2341 Alios
1099 2301 1205 2358 gram-

115 2432 127 2459 ,
159 2383 303 2459 mancos,
326 2382 377 2464 qui
390 2378 621 2441 Artemidorum
633 2390 742 2441 testem
756 2381 896 2459 citarunt,
915 2394 1086 2466 praetere03
1107 2403 1205 2466 prae-

157 2485 264 2550 sertim
278 2505 372 2567 quum
385 2503 449 2543 non
463 2503 585 2566 semper
594 2482 707 2543 librarii
718 2484 756 2543 ab
769 2484 850 2544 vitiis
864 2485 1076 2561 abstinuerunt,
1096 2494 1131 2548 ut
1147 2505 1203 2569 ap.

157 2585 293 2672 Etymol.
312 2583 381 2660 144,
394 2583 445 2660 55,
467 2586 520 2644 cfr.
535 2581 619 2645 Base
633 2581 673 2645 ad
689 2579 778 2662 Greg.
795 2582 929 2646 Corinth.
944 2609 975 2670 p.
992 2584 1203 2653 eoa-senaar.

156 2731 159 2737 ,
243 2687 301 2748 His
314 2685 473 2770 expositis,
496 2684 690 2768 Pamphilum
710 2672 843 2749 vidimus
865 2684 904 2748 de
923 2686 1050 2751 dialecto
1069 2687 1203 2753 Laconi-

137 2778 195 2855 'ca
214 2787 468 2872 Aristophanem,
492 2787 531 2848 de
551 2787 662 2848 Dorica
683 2786 915 2852 Artemidorum
935 2789 1147 2873 exscripsisse,
1173 2801 1204 2853 et

158 2891 272 2974 reliqua
295 2911 430 2973 quoque,
459 2910 537 2972 quae
561 2890 606 2950 illi
630 2892 828 2968 grammatici,
843 2891 881 2952 de
897 2888 1032 2954 'Graecis'
1065 2889 1202 2957 dialectis

158 2993 351 3081 scripserant,
361 2992 393 3052 in
405 3013 495 3053 usum
503 3011 593 3052 suum
605 2993 740 3054 vertisse.
763 2992 826 3055 Sed
833 3007 986 3078 praeterea
993 3005 1203 3057 memorantur

158 3092 322 3157 Athenaeo
337 3094 482 3172 γλῶσσαι
495 3090 683 3154 Artemidori
698 3087 927 3173 ὀψαρτυτικαὶ,
949 3115 1024 3177 quas
1042 3115 1082 3154 ex
1096 3093 1201 3161 Athe.

157 3217 237 3259 naeo
250 3194 393 3274 cognovit
414 3193 539 3285 Suidas,
562 3199 614 3256 cfr.
629 3194 746 3257 Athen.
768 3196 798 3274 I,
821 3195 850 3260 5.
873 3198 903 3257 b.
926 3194 1010 3257 Suid.
1033 3217 1058 3257 s.
1072 3216 1125 3259 w.
1148 3201 1201 3262 Τι-

155 3297 296 3386 μαχίδας
317 3308 348 3360 et
364 3289 617 3378 Ἀρτεμίδωρος,
644 3319 755 3382 easque
774 3298 856 3383 ipsas
874 3319 942 3360 esse
960 3295 1121 3381 Pamphilo
1143 3322 1201 3363 ex-

158 3413 288 3489 eerptas,
311 3399 470 3463 ostendere
487 3399 584 3463 videri
601 3401 698 3485 possit
712 3398 891 3462 Athenaeus
908 3395 974 3474 IX,
997 3401 1075 3476 378,
1099 3398 1136 3477 d,
1159 3400 1201 3463 de

155 3526 218 3592 quo
239 3507 308 3565 loco
331 3503 394 3563 iam
410 3523 501 3587 supra
520 3502 704 3587 disputatum
730 3512 784 3562 est.
834 3498 1081 3584 comparatione,
1095 3512 1201 3565 autem

153 3628 228 3679 eum
241 3605 396 3690 Hesychio
410 3605 560 3682 instituta,
583 3602 728 3679 derocc,
749 3601 856 3680 μῦμα,
878 3599 994 3662 Athen.
1013 3600 1101 3677 XIV,
1124 3607 1199 3683 663,

157 3709 187 3772 d.
211 3719 241 3770 et
262 3701 404 3788 ματτύη,
433 3707 511 3769 mihi
530 3704 668 3790 quidem,
696 3701 729 3763 id
751 3703 868 3764 irritu'm
892 3725 974 3782 esse,
1004 3716 1201 3788 perspectrnn

158 3822 212 3876 est.
252 3808 340 3871 -Patet
354 3819 455 3871 contra
469 3830 507 3869 ex
520 3809 588 3892 ipso
601 3803 765 3867 Athenaeo
781 3804 904 3890 aliisque
916 3807 991 3869 locis
1006 3809 1200 3890 comparatis,

156 3916 189 3976 in
209 3911 317 3993 glossis
340 3909 528 3995 opsortyticis
547 3906 744 3984 Eraenetum,
766 3906 967 3990 antiquiorem
988 3905 1200 3988 Artemidoro,

157 4015 308 4100 Pamphili
319 4016 437 4073 fontem
449 4010 551 4073 luisse.
586 4005 674 4073 Nam
687 4005 803 4082 Athen.
821 4007 881 4088 ΠΙ,
903 4013 955 4076 88.
979 4032 1006 4073 c.
1028 4005 1201 4089 „Enalos-
