2534 4644
1095 270 1147 342 π..

101 449 271 531 Hesychius
293 447 383 524 dixit,
415 462 588 528 vocumque
604 437 780 504 traditarum
798 450 829 501 et
849 440 1070 527 explicatorum.
1086 469 1139 509 co-

100 552 184 637 piam
203 537 365 636 perpendit
384 560 414 610 et
438 546 552 608 omissa
573 544 768 628 scriptorum,
790 541 843 627 qui
856 543 904 605 ιιιι
916 556 987 606 sunt
1001 548 1138 628 vocibus,

100 653 226 715 nomina
248 654 453 735 librorumque
478 666 586 710 eorum
610 645 713 707 titulos
742 645 897 723 neglectos
914 647 1041 726 cogitat:
1074 653 1139 714 eius

100 755 220 816 animus
239 756 316 816 ultro
330 752 400 812 illuc
418 750 558 827 trahitur,
580 758 615 812 ut
632 748 711 809 hanc
733 764 801 807 esse
814 745 967 830 epitomae
989 744 1140 816 rationem

100 854 211 937 credat.
254 851 449 938 Quapropter
464 872 483 915 a
502 848 687 913 Ruhnkenio
704 845 817 940 mirum
834 866 945 931 quan
1000 848 1141 917 dimensi.

100 977 186 1033 mus,
208 957 259 1041 qui
278 958 357 1018 hanc
366 976 441 1018 rem
455 954 553 1017 obiter
573 949 685 1028 tetigit,
704 936 803 1033 neque
818 953 916 1014 totum
1007 953 1081 1016 vim
1086 979 1140 1018 ιο.

101 1057 242 1137 gnorit.
267 1055 355 1119 Audi
373 1059 471 1136 enim,
504 1073 597 1139 quam
615 1051 720 1136 paucis
738 1047 839 1114 verbis
857 1071 1009 1144 quamque
1027 1056 1140 1125 incerte

101 1159 205 1220 omnia
226 1159 439 1249 absolverit
450 1154 541 1238 „Sed
559 1153 646 1215 hoc“
667 1152 725 1214 ait
729 1170 879 1229 „caussae
899 1165 1019 1218 nostrae
1039 1180 1139 1245 neque

99 1259 237 1353 prodest,
257 1282 358 1346 neque
371 1262 468 1323 obest.
512 1252 598 1334 Quid
621 1251 703 1315 enim
714 1250 856 1338 impedit,
877 1257 1065 1346 quominus,
1088 1264 1141 1347 qui

99 1374 169 1424 ante
178 1365 396 1424 nonnullorum
410 1357 684 1422 Grammaticonun
696 1354 806 1443 Lexica
820 1354 1015 1418 contraxisset
1022 1375 1140 1446 ‚post-

98 1465 157 1525 hac
173 1485 212 1525 ex
225 1463 364 1524 omnium
375 1462 466 1524 huius
488 1458 606 1540 generis
620 1457 703 1520 libris
713 1437 885 1519 universale
895 1455 1051 1542 quoddam
1062 1464 1140 1526 lexi-
1192 1474 1229 1539 :j

101 1569 160 1627 con
180 1565 367 1656 compilarit?
411 1560 607 1644 Quamquam
624 1579 718 1642 saepe
736 1557 855 1619 animus
871 1568 1003 1624 tentatus
1024 1576 1084 1644 est,
1106 1581 1141 1631 ut
1200 1568 1211 1589 ⁸

99 1669 238 1751 putarem
262 1666 301 1728 ιιι
321 1666 381 1728 alio
394 1663 587 1743 Diogeniano
602 1656 715 1721 Suidae
738 1678 912 1721 sermonem
924 1683 1000 1741 esse,
1023 1663 1062 1761 de
1080 1670 1140 1732 alio

99 1768 265 1848 Hesychio.
329 1767 463 1830 Fuenmt
483 1765 566 1826 enim
590 1760 657 1822 duo
677 1758 768 1822 huius
786 1761 920 1826 nominis
944 1754 1139 1850 grammatici,

99 1868 211 1932 eodem
227 1867 322 1931 Surda
333 1879 428 1946 teste
450 1868 524 1928 alter
535 1864 731 1940 Heracleota
752 1850 827 1924 alter·
839 1861 1016 1946 Cyzicenus.
1019 1871 1037 1900 “
1077 1872 1147 1951 Vix]

96 1971 223 2050 intelligi
242 1982 355 2056 potest,
377 1990 439 2054 quo
459 1965 588 2029 tandem
605 1947 701 2025 modo
719 1964 816 2026 homo
834 1965 1116 2061 prudentissimus
1106 1999 1144 2064 ιιιι

99 2073 148 2134 his
166 2073 276 2134 talibus
293 2070 497 2154 acquiescere,
520 2088 575 2130 sua
588 2086 720 2155 persona
737 2061 898 2144 indignum
916 2088 981 2130 non
992 2072 1144 2141 iudicarit.

100 2170 165 2235 Sed
184 2172 331 2235 accedunt
350 2170 496 2251 alia,·vel
519 2167 616 2248 magis
635 2167 721 2228 mira.
764 2164 891 2230 Adsunt
907 2170 989 2232 enim
1009 2195 1027 2262 e
1048 2154 1140 2239 Parni

99 2275 177 2360 phili
195 2276 294 2338 lexico
307 2277 490 2354 fragmenta,
513 2269 685 2354 apluribus
704 2267 897 2354 scriptoribus
906 2287 1040 2337 servata
1032 2300 1141 2367 ‚quae

100 2398 170 2439 curn
190 2375 338 2458 Hesychii
354 2374 453 2436 lexico
474 2382 677 2457 comparata,
694 2369 778 2456 quod
793 2388 986 2537 W,
934 2375 986 2454 sit,
1014 2374 1145 2472 docent..

100 2478 164 2542 Sed
175 2476 258 2564 quod
269 2499 367 2540 marus
380 2487 441 2553 est,
464 2472 498 2534 id
511 2486 545 2535 ut
560 2492 810 2553 cognoscamus,-
874 2496 937 2539 em
945 2476 996 2545 tia
1014 2471 1151 2564 progne<¹

92 2579 213 2659 dimus,
235 2601 327 2664 quam
346 2576 568 2640 Ruhnkenius
559 2576 627 2637 miit
643 2575 712 2659 ipse
725 2585 756 2642 et
772 2576 864 2639 nobis
879 2556 1057 2659 indigitavit.
1100 2585 1142 2649 Ut

101 2685 184 2760 enim
197 2695 300 2744 contra
312 2676 549 2741 Valckenarium
559 2676 749 2766 Hesychiurn
761 2697 852 2739 suum
867 2677 1051 2768 defenderet,
1074 2689 1142 2773 epi·
1164 2684 1202 2765 Ι

100 2785 270 2867 stolamque
293 2777 333 2842 ad
354 2777 520 2856 Eulogium
538 2779 680 2860 scriptam
697 2797 770 2839 vera
785 2777 937 2840 continere
952 2779 1142 2848 demonstra-

87 2894 162 2946 ret:
184 2884 272 2966 quale
286 2878 383 2943 attulit
396 2879 629 2958 argumentum?
672 2876 830 2966 Ostendit,
852 2878 998 2966 quidquid
1010 2889 1048 2946 ab
1064 2889 1142 2948 anti.

100 2983 168 3069 quis
187 2982 388 3062 grammaticis
406 3001 446 3042 ex
464 2978 648 3061 Diogeniani
666 2980 766 3064 lexico
781 2982 935 3063 afferatur,
957 2984 1142 3068 adverbum

100 3085 224 3172 reperIri
241 3084 275 3144 in
288 3083 386 3146 lexico
404 3081 616 3163 Hesychian03
647 3081 740 3170 idque
759 3095 971 3164 argumentum
983 3103 1078 3152 ,vocat
1089 3094 1143 3174 fir<

100 3187 272 3267 rnissimum
298 3183 583 3266 grauissimrnque,
615 3205 677 3268 quo
702 3190 784 3263 uno,
817 3185 844 3249 si
868 3187 982 3274 reliqua
1000 3194 1142 3256 abessent

103 3287 220 3365 omnia,
253 3280 402 3368 Hesychii
421 3281 460 3345 de
483 3281 676 3362 Diogeniano
699 3287 829 3351 narratio
846 3286 935 3348 facile
954 3287 1146 3361 dubitatione

103 3389 189 3451 omni
201 3390 382 3451 liberaretur.
428 3382 490 3447 Gur
503 3383 594 3463 igitur
602 3395 725 3471 propter
735 3386 932 3471 Pamphilum
946 3409 1010 3450 non
1032 3390 1142 3457 eadem
1217 3417 1220 3421 ’

102 3491 255 3570 ingressus
266 3488 305 3550 sit
318 3488 384 3566 ria,
405 3485 660 3571 rixaquoquarn
670 3484 861 3574 intelligetur.
1141 3560 1145 3568 ¹

187 3587 253 3651 Nos
269 3588 372 3668 igitur,
405 3609 446 3651 ne
466 3588 499 3649 in
519 3587 604 3648 idem
623 3585 791 3651 incidamus
814 3588 938 3676 vitium,
971 3612 1007 3652 ea
1025 3615 1142 3680 quaes

102 3663 265 3793 Pamphilo
286 3688 442 3770 traduntur
460 3706 539 3750 curn
551 3689 603 3767 iis,
625 3709 703 3773 quae
718 3690 890 3770 Hesychius
911 3712 928 3751 e
948 3689 1144 3778 Diogeniano

103 3786 247 3877 stunpsit,
279 3792 486 3868 conferamus,
518 3801 548 3852 et
567 3812 643 3853 num
661 3790 734 3853 inde
754 3792 895 3853 nonnihil
910 3793 984 3873 lucis
1003 3796 1142 3863 adhunc

104 3892 316 3977 quaestionem
328 3890 479 3953 transferri
489 3892 586 3975 possit
596 3890 765 3957 videamus.
792 3891 829 3956 In
843 3914 879 3981 ea
891 3916 924 3958 ιι
935 3918 994 3960 nos
1006 3901 1142 3967 maxime

105 3993 259 4060 adiuvabit
279 3992 476 4070 Athenaeus,
500 4012 552 4076 qur
543 3991 716 4081 Pamphili
729 4018 792 4058 non
805 4017 872 4060 raro
890 4000 1102 4066 mentionem
1092 4026 1141 4066 rn-
1186 3986 1188 3991 ,
