2534 4644
515 124 544 193 ,⁸

1113 227 1160 303 5¹⁶

115 387 222 474 βλίοις
254 385 415 472 σημείων·
446 383 525 467 aral
551 386 737 471 ποιητικῆς·
773 383 849 470 cept
876 385 1053 471 στοιχείων.
1061 389 1080 422 “
1126 389 1157 463 Ιι

115 495 211 558 homo
225 503 272 555 est
288 489 380 556 nobis
394 486 517 550 aliunde
538 510 659 574 qnoque
680 491 826 569 cognitus.
869 489 950 553 Nam
970 491 1027 554 etsi
1047 492 1156 579 scripta

114 595 301 680 philosopha
311 602 342 655 et
356 589 549 671 grammatica
561 591 628 668 illa,
655 590 695 652 de
712 593 793 655 notis
813 592 945 671 criticis,'
958 592 997 655 tle
1021 596 1156 657 elemen-

113 697 168 773 tis,
189 695 229 756 de
245 692 381 781 poetica,
401 683 567 777 nusquam,
594 704 741 775 quantum
757 694 837 771 scio,
859 707 1154 761 commemorantur:

113 807 216 859 tamen
240 795 310 878 quia
332 792 371 853 de
389 792 484 876 patria
507 813 563 863 sua
581 793 712 879 scripsit,
733 805 768 856 ut
783 797 919 879 locuples
938 807 1056 874 auctor,
1076 796 1156 865 inter

112 907 206 962 testes
225 906 258 959 et
277 905 414 965 auctores
438 895 543 955 locum
568 916 660 961 suum
684 896 814 959 obtinuit
837 909 869 958 et
892 899 1034 960 serravit.
1084 899 1153 968 Hoc

113 997 195 1059 enim
208 995 333 1057 nomine
346 1016 439 1078 saepe
463 996 568 1055 citatur
585 996 618 1055 in
637 993 785 1080 Stephani
795 996 936 1080 Byzantii
948 999 1153 1084 paralipome-
1249 990 1255 1035 .·

111 1098 168 1161 nb.
192 1096 247 1160 'ln
262 1095 375 1162 Saidae
391 1096 491 1173 libris,
512 1105 547 1155 ut
557 1092 708 1175 vidimus,
730 1097 845 1163 <lictum
857 1110 919 1163 est:
940 1098 1062 1183 τιριτρίιι
1084 1101 1151 1165 Κν-

109 1195 219 1277 ζίιιον,
241 1198 419 1260 accentuin
431 1197 618 1282 paenultima
636 1199 752 1279 syllaba
769 1201 887 1284 posito3
908 1222 1000 1284 quem
1018 1223 1151 1264 errorem

110 1300 161 1362 alii
180 1300 438 1374 incusatorum,
468 1307 503 1356 ut
529 1299 691 1360 scriberent
707 1285 850 1380 ιιάτρια,
877 1312 1002 1363 accentu
1024 1314 1150 1377 mutato,

108 1400 279 1467 Salmasim
290 1410 395 1461 autem
408 1398 589 1478 inmargine
601 1393 750 1485 Stephani
767 1402 816 1464 sui
833 1412 868 1463 ut
891 1398 990 1481 ,,πιρί
1010 1401 1151 1482 πατρίοις

110 1499 261 1579 Κυζίκου
269 1500 288 1533 “
311 1499 524 1585 reponendum
546 1500 716 1563 coniiceret.
741 1499 831 1582 Qua
846 1502 971 1587 quidem
989 1505 1023 1565 in
1045 1484 1149 1567 conie-

108 1613 192 1665 ctura
203 1612 235 1664 et
253 1613 379 1663 accentu
399 1603 452 1664 illo
472 1611 504 1663 et
523 1623 559 1663 ea
578 1603 710 1681 ratione,
732 1625 825 1688 quam
839 1590 1014 1689 Stephanus
1026 1606 1058 1667 in
1070 1607 1149 1671 libro

108 1702 261 1773 laudando
275 1714 373 1782 tenet,
387 1704 581 1766 confirmatus
592 1715 648 1767 est.
692 1703 723 1767 ls
743 1705 827 1767 enim
844 1727 871 1769 s.
882 1727 913 1769 a.
946 1699 1147 1787 Ἀδράστεια,

107 1806 158 1883 ait,
179 1801 237 1883 „iv
259 1797 375 1889 ,κράτη
397 1802 572 1883 Κνζίιιον“,
601 1806 655 1868 ubi
670 1803 829 1885 Berkelius
848 1803 948 1890 ,,ττιρί
974 1805 1148 1886 Κυζίκου(ι

106 1904 300 1968 scribendum
316 1928 383 1969 esse
402 1908 588 1993 suspicatum
614 1929 639 1970 s.
653 1928 684 1970 v.
707 1903 825 1986 ζὲίειοι·
856 1904 917 1986 „ia
936 1903 1050 1992 πρώτη
1071 1901 1147 1991 περὶ

106 2005 295 2084 Κοζίκονίι
316 2006 448 2090 denique
463 2029 488 2068 s.
503 2029 534 2073 τ.
554 2001 715 2090 Βέσβιιιος
734 2011 811 2070 hacc
828 2011 922 2072 habet
942 2057 960 2088 „
971 2006 1144 2091 Βέσβικοη·

107 2105 258 2188 νησίὸιον
285 2103 363 2185 περὶ
389 2103 550 2200 Κύζικον,
584 2097 629 2185 ὁρ
658 2104 819 2192 Διογένης
847 2103 866 2173 ὁ
895 2106 1082 2192 Κυζικηνὸς
1110 2105 1147 2174 ἐν

106 2200 220 2290 zoora
242 2208 311 2276 τοῖν
329 2201 413 2277 tart
432 2204 510 2289 usal
529 2209 587 2292 τῆς
605 2206 763 2292 πατρίδος
783 2204 907 2293 νήσων·
930 2205 1036 2292 λέγων
1053 2212 1146 2292 Προ-

101 2302 248 2399 aereum
264 2305 325 2379 nat
349 2306 477 2393 Qoissffl
498 2320 578 2389 cett,
597 2330 676 2394 quae
693 2313 786 2374 verba
797 2310 972 2395 philologos
992 2310 1027 2371 in
1043 2312 1145 2374 vanos

101 2433 221 2477 onoma
238 2410 398 2479 duxerunt.
446 2409 545 2474 Fuere
567 2413 665 2490 enim,
693 2412 747 2497 qui
763 2409 836 2473 inde
855 2412 949 2489 libros
967 2423 1086 2497 septem
1104 2413 1144 2476 de

103 2514 219 2598 patriae
236 2514 343 2576 insulis
370 2513 539 2592 efficerent,
567 2525 602 2575 ut
624 2510 695 2577 Ger.
716 2512 762 2577 10.
779 2511 911 2575 Vossius
932 2512 972 2575 de
993 2513 1071 2576 Hist.
1091 2510 1144 2578 Gr.

103 2616 156 2679 lib.
174 2614 234 2693 ΠΙ,
254 2638 287 2699 p.
306 2614 380 2681 356.
430 2613 497 2677 Atii
526 2617 606 2681 bene
628 2598 846 2694 intelligentes,
875 2613 908 2677 id
933 2616 1045 2677 falsum
1066 2637 1144 2697 csse,

104 2735 211 2778 verum
226 2712 351 2796 quidem
369 2714 523 2793 videant,
544 2717 703 2800 virumque
722 2725 842 2799 septem
862 2713 902 2776 de
916 2717 1013 2799 patria
1032 2739 1087 2780 sua
1104 2720 1144 2781 ti,

104 2816 176 2879 bros
189 2812 361 2879 condidisse
382 2827 576 2894 censuerunt,
596 2837 728 2900 quorum
747 2824 793 2877 cst
813 2812 973 2892 Menagius
993 2815 1034 2877 ad
1049 2817 1142 2899 Diog‚

103 2915 203 2983 Lata
225 2914 287 2994 VI,
309 2919 366 2996 815
388 2915 447 2989 sed
473 2915 630 3002 quomodo
655 2916 804 3001 Stephani
828 2917 922 2978 verba
947 2917 1142 2998 intelligenda

100 3019 175 3096 sint,
199 3039 263 3079 non
285 3014 462 3083 docuemnt.
509 3018 624 3097 Locus,
638 3018 684 3083 .ni
704 3019 808 3095 fallor,
838 3019 877 3078 ab
901 3020 1044 3081 omnibus
1060 3023 1142 3087 male

98 3122 229 3206 scriptus
242 3130 296 3197 est,
318 3120 361 3181 ita
376 3119 583 3183 exhibendus:
607 3111 682 3198 „cic¹
692 3113 854 3207 Διογένης
873 3112 892 3183 ὁ
906 3115 1091 3204 Κυζικηνὸς
1105 3117 1142 3186 ἐν

99 3216 214 3306 προίτη
226 3222 292 3285 τῶν
304 3215 717 3303 ἑπτὰ-τερίτῆρττιτρίδος·
735 3215 886 3313 »νησονίξ
908 3216 1012 3313 λέγων
1032 3224 1141 3304 „Ilpa—

99 3315 244 3404 νόνησος
267 3317 326 3391 καί
351 3318 523 3404 Φοίβη-
542 3317 599 3384 aul
620 3317 804 3404 Βέσβιιιοριι
830 3321 922 3383 latine
951 3322 1143 3400 „insulamn

101 3424 289 3489 Proconesus
301 3433 333 3485 et
345 3420 472 3485 Phoebe
481 3458 520 3469 -
529 3433 560 3482 et
572 3419 720 3485 Besbicos
729 3423 748 3453 “
768 3431 803 3483 ut
817 3422 967 3502 genitivus
979 3443 997 3484 a
1010 3443 1142 3508 sequen,

100 3526 182 3589 tibus
194 3525 368 3591 norninibus
379 3521 524 3609 pendeat.
545 3520 647 3587 Affert
658 3524 750 3605 igion
761 3523 829 3608 ipsa
840 3523 991 3607 scriptoris
997 3527 1100 3603 verba,
1112 3538 1142 3587 et

96 3625 156 3690 -nbi
168 3617 338 3706 Βίσβιιιορ,
358 3625 443 3688 cuim
463 3645 569 3687 caussa
578 3623 613 3686 id
623 3636 805 3710 susceperat,
825 3623 1016 3702 memoravit,
1037 3646 1055 3686 a
1071 3626 1142 3689 reli-

98 3727 168 3812 quis
177 3747 305 3792 manum
317 3728 403 3795 tollit.

186 3826 294 3893 tadeo
308 3824 350 3888 ad
367 3827 544 3893 institutum.
588 3828 645 3889 His
664 3826 748 3899 enim
771 3825 873 3905 dictis,
896 3837 942 3889 est
961 3847 1039 3912 opus
1056 3827 1143 3889 facil-

94 3931 223 4009 limtun,
243 3948 324 4013 quaa
336 3927 380 3999 illi
395 3925 589 4009 Diogeniano
605 3932 687 3999 male
705 3927 846 4011 adiuncta
863 3939 963 4006 erant,
984 3928 1056 3991 huic
1074 3929 1144 3993 red-
