2534 4644
84 236 195 352 ns

610 457 637 542 ξ.
660 464 690 524 6.

214 560 367 621 Hactenus
388 578 465 642 quae
480 578 497 618 e
510 555 661 644 Pamphili
678 561 776 623 lexico
792 560 873 646 apud
893 561 1030 626 diversos
1041 568 1173 652 scripto-

129 687 177 728 res
211 674 328 725 exstant
353 659 486 723 vidimus
515 659 638 744 eiusque
675 665 913 741 fragmentorum
949 668 1184 745 collectionem,r

90 784 92 789 ·
130 777 275 851 quantum
297 761 330 824 id
344 762 465 823 anobis
483 763 626 845 praestari
646 774 763 848 poterat
783 765 975 830 instituimus.
1017 767 1107 831 Nunc
1131 770 1172 832 ad

129 870 222 929 alium
235 868 338 926 locum
350 864 501 939 venimus,
523 885 583 948 quo
596 877 692 926 totam
708 867 917 951 quaestionem
932 870 1052 933 absolvi
1076 893 1172 956 quum

129 972 166 1031 ab
182 968 267 1028 initio
282 966 498 1050 speravissem,
522 966 648 1028 nuncin
663 978 778 1028 tantam
794 967 1002 1033 difficultatem
1018 975 1170 1057 proiicior‚
1202 973 1207 988 '

128 1083 161 1131 ut
173 1091 224 1131 me
243 1068 419 1153 desperasse
433 1066 583 1129 interdum
597 1069 750 1131 confitear.
793 1067 889 1148 Quod
904 1073 1171 1150 etsiiniucundum

127 1184 173 1234 est
198 1191 349 1245 enarrare,
378 1171 511 1254 proferre
532 1180 635 1230 tamen
662 1181 693 1231 et
713 1170 786 1254 quid
804 1175 858 1252 sit,
891 1196 1010 1260 quoque
1033 1179 1172 1242 vincatur

125 1273 221 1336 inodo
235 1271 394 1335 ostendere
412 1293 476 1331 uon
491 1269 644 1333 dubitabo
1187 1357 1190 1360 Δ

209 1373 245 1437 In
260 1374 383 1437 scholiis
396 1373 577 1449 Homericis,
600 1371 705 1434 codice
717 1373 839 1438 Veneto
854 1380 947 1440 alt'ero
963 1380 1169 1465 et-Lipsiensi‚

127 1479 165 1540 ad
179 1479 215 1540 ll.
232 1481 274 1550 Ε,
297 1479 368 1540 576.
391 1475 429 1538 de
441 1497 520 1538 vore
536 1466 722 1538 ἀτάλαντον
744 1480 889 1558 legimus:
918 1475 982 1559 „ri
999 1476 1169 1546 τάλαντον

127 1575 144 1644 ὁ
168 1577 227 1662 μὲν
245 1573 464 1659 Ἀριστοτέλης
486 1574 591 1651 ἄλλως
613 1575 785 1658 ἐξηγεῖται,
810 1579 866 1644 καὶ
888 1575 1041 1664 εὑρήσειν
1063 1587 1165 1648 τοῦτο

126 1683 313 1765 ἔμπροσθεν
346 1681 392 1755 εἰς
420 1676 478 1744 τὸν
505 1673 610 1753 οὕτως
642 1676 756 1761 ἔχοντα
794 1682 922 1764 στίχον,
954 1678 1047 1761 ‚moin
1068 1707 1167 1765 φατο,

127 1777 304 1866 Μηριόνης
332 1783 367 1844 δὲ
395 1783 467 1865 θοῷ
489 1773 670 1856 ἀτάλαντος
687 1775 849 1864 ''Aoni-‘W
882 1779 901 1848 ὁ
923 1782 958 1848 δὲ
979 1780 1167 1865 Διόδωρος,

57 1892 63 1899 ’
124 1885 161 1951 ἐν
181 1889 228 1974 τῷ
249 1882 324 1963 περὶ
346 1885 518 1964 σταθμῶν.
547 1878 710 1946 τάλαντόν
731 1880 799 1947 ἐστι
819 1887 913 1966 μναῖν
933 1880 968 1963 ξ’,
997 1883 1018 1968 ἦ
1041 1883 1077 1951 δὲ
1098 1895 1167 1969 μνᾶ

123 1990 280 2072 δραχμῶν
301 1982 340 2065 ρ’,
369 1983 389 2071 ἡ
413 1984 447 2050 δὲ
470 1979 608 2066 δραχμὴ
621 1979 751 2066 ὀβολῶν
773 1980 828 2061 στ’,
852 1981 871 2050 ὁ
895 1983 931 2051 tt
952 1981 1167 2072 ὀβολόςηαλ·

123 2092 193 2155 κῶν
212 2085 252 2173 η’.
275 2082 293 2153 ὁ
317 2085 352 2152 δὲ
373 2091 515 2171 χαλκοῦς
534 2089 660 2160 λεκτῶν
673 2083 720 2165 ζ’·
743 2083 780 2153 τὰ
802 2083 964 2153 τάλαντον
985 2086 1021 2153 δὲ
1041 2085 1080 2154 τὸ
1101 2093 1167 2155 νῦν

123 2185 486 2292 λεηόμενονἎττικόν,
520 2184 610 2267 καριὶ
643 2185 677 2253 ot
699 2187 915 2267 Σικελιώταις
946 2186 985 2254 rvi
1013 2187 1073 2271 μὲν
1106 2187 1166 2273 α’ρ-

24 2327 26 2331 .
122 2300 217 2376 χαῖον
246 2285 288 2377 ἦν
309 2295 403 2375 μνῶν
424 2287 472 2356 κδ’
505 2294 570 2355 νῦν
591 2289 626 2355 δὲ
655 2288 709 2374 ιβ’.
741 2287 877 2355 δύναται
908 2288 944 2356 δὲ
972 2285 1056 2357 εἶναι
1086 2295 1166 2374 τρία

121 2392 321 2480 intentam,
361 2389 407 2468 uic
435 2390 471 2457 ἐν
501 2398 571 2469 τοῖς
601 2392 676 2472 περὶ
704 2389 892 2476 Σώφρονος
918 2388 1164 2475 Ἀπολλόδωρος

122 2498 165 2563 ἐκ
193 2502 274 2561 τῶν
301 2500 591 2579 Διογενιανοῦ
620 2499 692 2578 τῆς
724 2493 931 2578 ἐπιτομῆς
961 2490 1165 2578 Ἑλληνικῶν

122 2595 329 2682 όνομοὲτων,“
355 2621 424 2660 cum
447 2621 506 2682 quo
528 2601 595 2660 loco
619 2593 847 2677 coniungendas
860 2610 905 2661 est
926 2601 999 2660 alter
1021 2596 1061 2659 ad
1075 2597 1113 2660 ll.
1131 2602 1162 2682 β,

124 2709 192 2781 169,
215 2701 254 2764 ad
268 2723 359 2787 quem
373 2704 534 2764 scholiasta
548 2703 613 2786 ipse
627 2712 774 2785 provocat
787 2712 817 2761 et
830 2698 870 2761 ad
880 2699 915 2762 ll.
931 2706 965 2775 ψ,
978 2705 1051 2764 269.
1094 2700 1160 2763 En!

119 2805 169 2866 hic
194 2806 270 2866 clare
290 2815 491 2866 memoratam
505 2801 688 2882 Diogeniani
711 2803 867 2887 epitomen
888 2801 993 2863 lexici!
1026 2801 1162 2866 Noverat

119 2907 151 2968 id
173 2908 236 2967 iam
256 2905 469 2983 Ruhnkenius‚
497 2908 589 2990 praef.
606 2904 645 2966 ad
666 2905 801 2985 Hesych.
822 2925 851 2988 p.
867 2908 914 2968 10.
936 2924 1036 2987 neque
1058 2915 1160 2967 tamen

118 3009 222 3087 magni
237 3009 337 3084 iecit,
351 3006 407 3069 sed
421 3007 542 3069 securus
555 3008 688 3087 neglexit
695 3055 706 3086 ,x
725 3007 819 3068 alium
836 3006 974 3089 opinatus
987 3007 1100 3068 librum
1112 3008 1160 3068 in-

120 3110 212 3170 dicari
232 3121 261 3170 et
275 3113 312 3170 ab
327 3110 522 3189 Hesychiano
543 3110 640 3170 lexico
667 3110 793 3169 omnino
809 3107 972 3170 diversum.
1015 3092 1083 3173 Nos
1096 3131 1158 3170 non

118 3224 182 3273 tam
203 3212 337 3273 celeriter
354 3211 540 3272 absolvimus
560 3221 685 3294 reperta.
728 3208 764 3272 ln
784 3210 939 3290 Hesychio
963 3212 1071 3273 frustra
1092 3210 1158 3273 adi-

117 3337 185 3376 mus
205 3336 317 3377 vocem
336 3307 539 3391 ,,τοὶλαντον“
559 3314 612 3375 ubi
625 3311 664 3374 H.
685 3334 715 3397 p.
733 3311 823 3375 1340.
844 3311 921 3371 nihil
940 3312 999 3373 nisi
1020 3308 1158 3390 ,,τα’λαν·

117 3432 175 3479 τα·
198 3408 293 3494 ζυγά·
325 3414 492 3497 σταθμοίιι
513 3436 542 3500 p.
565 3413 654 3477 1341.
678 3412 898 3490 ,,ιαλαντε’ων·
922 3412 1089 3494 μεδίμνων
1102 3412 1157 3479 καὶ

118 3515 308 3597 oeaaptnu‘
330 3511 540 3593 ,,Τοἰλαντον·
563 3509 720 3595 σταθμός,
736 3509 845 3595 ζυγός·
861 3507 939 3596 ὁλκὴ
947 3517 1070 3594 λιτρῶν
1086 3513 1157 3581 ἕκα-

113 3614 217 3700 ’ῢὸνῆ
248 3613 366 3681 ἑκατὸν
388 3611 583 3680 εἰκοσιπέντε
604 3611 626 3698 ἢ
650 3609 769 3679 ἑκατόν
790 3610 1043 3696 ἕξηκονταιιένιε
1064 3612 1088 3701 ἦ
1107 3639 1158 3683 τε·

117 3715 311 3802 τρακόσιαῆ
331 3720 418 3801 χίλια
440 3713 557 3783 ε’κατὸν
570 3714 855 3799 πεντηκονταδύοιι
877 3718 917 3780 ad
937 3740 1017 3803 quae
1029 3721 1158 3800 accedit,

117 3821 199 3908 quod
220 3833 265 3883 est
280 3832 382 3882 contra
395 3823 618 3906 alphabeticum
639 3818 778 3880 ordinem
793 3840 832 3880 ex
845 3818 1018 3906 Epiphanio
1032 3819 1072 3882 H.
1086 3816 1158 3908 pag}

119 3928 188 3988 183.
203 3925 363 3999 insertum,
385 3919 578 4000 ,,Τα’λαντον
603 3921 709 4002 λλτραι
730 3915 847 3984 ἑκατὸν
858 3919 963 3985 εἴκοσι
981 3921 1079 3988 πέντε
1098 3947 1159 3989 κα-

50 4010 68 4026 *
115 4018 157 4088 τὰ
179 4021 238 4089 τόν
265 4010 368 4107 μὲγαν
386 4018 609 4106 ’uncelenus‘
656 4022 702 4084 At
721 4043 814 4107 quum
835 4023 988 4106 Heynius‚
1022 4027 1075 4110 qui
1093 4030 1159 4090 fra.
