2534 4644
125 289 189 351 118

123 449 299 529 Schweigh.
306 447 373 512 Ind.
384 449 476 513 Auct.
489 473 520 536 p.
528 449 579 514 25.
600 448 675 529 Nos,
698 470 774 534 quae
787 450 850 510 iarn
862 446 1022 526 tetigimus,
1045 444 1161 508 Athen.

125 549 182 629 Ν,
203 554 272 628 176,
290 573 316 613 ο.
338 550 392 631 ΠΙ,
416 550 484 630 114,
508 562 609 630 cete,
630 551 690 630 IX,
710 556 782 629 369,
801 549 848 628 A,
871 570 978 611 eorum
997 570 1078 610 nunc
1099 571 1163 610 non

126 651 321 716 meminimus
332 654 455 730 iterum,
477 664 508 714 et
524 654 671 716 mittimus
687 673 821 737 quoque,
844 672 920 735 quae
934 672 974 711 ex
989 644 1164 730 Ῥιζοτομι·

128 756 177 840 uqi
199 753 274 831 XV,
289 758 360 832 681,
374 759 395 815 s.
416 757 504 815 allata
523 768 608 834 sunt,
629 756 661 816 in
676 753 831 835 Hesychia
851 773 914 812 non
933 738 1057 835 reperta.
1102 752 1164 816 Re-

129 867 207 918 stant
218 854 356 935 igiturll,
369 855 419 933 52,
433 879 457 916 c.
487 850 577 945 ,Ἀν
602 853 638 920 δέ
661 868 744 938 φησι
763 847 916 934 μύκηρον
937 847 999 934 τήν
1020 845 1165 934 ἅμνγδώ

129 959 190 1040 λην
212 957 403 1020 καλεῖσθαι“
446 959 581 1039 Hesych.
602 952 788 1038 ,μύκηρον
806 947 1012 1036 ἇμνγδαλῆ.“
1025 993 1064 1003 -
1088 953 1165 1017 Ath.

129 1055 183 1133 111,
197 1061 269 1135 676,
277 1079 309 1125 e.
332 1052 419 1141 ,,Ἀμ.
441 1055 477 1123 δὲ
499 1055 653 1140 intraneis
674 1060 847 1147 nataturus
873 1050 953 1130 τούς
980 1049 1166 1130 ὀλύνθουςιι

131 1160 265 1238 Hesych.
297 1152 502 1240 „herodina
540 1157 700 1227 treunam
721 1158 805 1223 unde
824 1158 935 1238 corrigi
954 1156 1046 1218 debet
1064 1154 1167 1218 Athe-

130 1280 234 1332 naeus.
259 1299 297 1308 -—
319 1261 396 1324 Ath.
411 1262 473 1342 Vl,
495 1269 566 1342 267,
584 1287 610 1325 ο.
633 1257 722 1340 ,,Ἀμ-
744 1257 780 1327 δὲ
801 1255 930 1340 ἑρκίτας
952 1254 1033 1339 φηῦὶ
1055 1259 1167 1322 καλεῖ·

129 1366 211 1425 σθαι
231 1358 309 1439 τούς
330 1359 413 1427 κατὰ
432 1360 511 1438 τούς
532 1356 655 1446 ἀγρούς
682 1361 828 1439 οἰνέτοιςιι
873 1362 1007 1440 Hesych.
1035 1355 1169 1440 ,Ἑρνιῆ-

130 1484 199 1525 τοι·
223 1463 256 1526 ol
278 1461 314 1528 ἐν
335 1462 426 1552 α’γρῷ
448 1461 599 1529 οἰκέται.“
622 1468 674 1525 cfr.
692 1461 967 1527 canunanamn.
981 1459 1036 1524 ΙΠ.
1051 1483 1083 1545 p.
1098 1462 1168 1525 571.

132 1562 208 1624 Aah.
223 1564 266 1642 X,
281 1565 353 1645 425,
369 1590 394 1628 c.
416 1564 528 1646 „auaui
543 1563 578 1630 δὲ
596 1558 760 1647 Ἐφεσίοις
772 1561 807 1629 οἱ
822 1563 1050 1644 οἰνοχοοῦντες
1061 1554 1171 1644 ἠΐθεοι

61 1705 63 1708 >
132 1666 173 1746 τῇ
202 1667 264 1730 τοῦ
293 1668 501 1744 Ποσειδῶνος
532 1664 629 1752 ἑορτῇ
658 1667 777 1743 ταῦροι
804 1661 1002 1736 ἐκαλοῦντο,
1033 1656 1081 1737 οἱς
1105 1656 1170 1745 'Au

129 1764 237 1848 Ιφησίιι
279 1768 412 1850 Hesych.
446 1773 611 1850 ,,Τοῦροι,
645 1766 679 1830 ot
697 1758 779 1845 παρ’
805 1757 967 1845 Ἐφεσίοις
995 1761 1172 1847 οἰνοχόοι.“

129 1901 175 1947 1-
199 1864 276 1930 Ath,
292 1868 355 1947 XI,
380 1869 458 1951 485,
482 1869 512 1933 d.
542 1862 633 1951 ,,Ἀμ.
655 1863 690 1930 δέ
711 1880 794 1948 φησι
815 1861 874 1946 τὴν
895 1861 1050 1948 οἰνοχόην
1070 1871 1173 1935 λεπα-

135 1963 216 2047 στὴν
245 1973 416 2034 καλεῖσθαι
425 1974 443 2004 “
497 1975 631 2054 Hesych.
659 2020 677 2051 ,,
688 1963 871 2042 Acarnania·
905 1963 1076 2048 οἰνοχόη.“
1120 1973 1172 2032 cfr.

135 2063 310 2149 Schweigh.
324 2070 463 2136 Animm.
478 2072 534 2136 VI.
547 2095 577 2158 p.
594 2079 666 2136 200.
691 2109 729 2148 ·.·
749 2070 826 2133 Ath.
842 2068 917 2148 XV,
933 2074 1004 2146 701,
1020 2090 1047 2131 a.
1069 2063 1175 2149 „hii-

136 2188 178 2250 νη
200 2165 236 2234 δὲ
265 2165 285 2254 ἡ
310 2167 439 2256 λαμπὰς
461 2178 622 2250 καλεῖται,
653 2167 699 2249 ὥς
721 2167 805 2255 ’stuf‘
848 2172 982 2252 Hesych.
1016 2164 1175 2254 ,furtw-

132 2266 294 2360 iuprroigf‘
317 2312 355 2322 -
378 2275 454 2339 Ath.
475 2277 521 2342 lb.
546 2280 618 2356 699,
640 2298 667 2341 e.
696 2268 787 2355 ,Ἇμ
810 2269 845 2337 δὲ
866 2267 1008 2353 γράβιον
1027 2264 1086 2336 τὸν
1108 2294 1177 2354 φοι-

131 2361 229 2462 ·νόν.“
248 2372 384 2455 Hesych
402 2398 427 2440 e.
442 2399 471 2440 v.
491 2379 687 2461 „pqnmcicf‘
705 2381 756 2438 cfr.
774 2373 872 2436 Bekk.
893 2371 1033 2435 Anecdd.
1052 2394 1083 2456 p.
1098 2379 1175 2439 789.

101 2510 105 2515 ·
136 2467 220 2531 Nihil
232 2472 321 2553 igitur
336 2486 394 2554 est,
417 2501 476 2562 quo
490 2503 555 2543 non
576 2501 614 2541 eo
640 2479 801 2555 ducamur,
830 2486 863 2533 ut
876 2471 1035 2535 Ameriam
1050 2497 1178 2565 quoque

134 2568 213 2631 inter
227 2593 280 2634 eos
293 2595 518 2659 recenseamus,
541 2602 618 2665 quos
630 2579 806 2664 Pamphilus
818 2577 849 2639 in
868 2597 924 2638 suo
938 2576 1035 2638 lexico
1050 2598 1178 2662 recepe„

136 2681 196 2748 fals
229 2683 260 2735 θῐ
274 2695 316 2737 θῑ
334 2675 494 2763 Pamphilo
513 2680 694 2744 Athenaeus
714 2679 866 2758 cognovit.
908 2676 1014 2760 Neque
1038 2676 1178 2742 dubitem

137 2772 222 2851 licet,
252 2777 324 2863 quin
336 2777 513 2865 Pamphilus
524 2783 591 2867 ipsa
605 2805 711 2845 eorum
726 2784 819 2844 rerba
831 2780 1011 2858 servaverit,
1034 2782 1117 2843 errius
1131 2782 1177 2844 rei

19 2928 21 2932 .
138 2879 315 2960 exemplum
333 2879 373 2942 de
395 2882 576 2945 Timachida
601 2896 736 2947 secratur
755 2882 923 2945 etiamnum
943 2901 990 2966 ap.
1004 2882 1177 2962 Hesychs.

126 2994 167 3039 ,m
205 2977 457 3061 Πνοιβοεμὲτνς,
507 2985 655 3047 Ameriae
675 3006 791 3049 nomen
807 2983 964 3070 permultis
985 2995 1031 3044 est
1046 2984 1177 3047 inaneis

137 3087 303 3156 servatum,
326 3103 456 3163 quorum
469 3107 629 3148 recensum
643 3085 763 3148 Alberti
775 3084 868 3146 index
884 3085 1015 3146 exhibet,

222 3177 280 3238 Hic
298 3182 428 3252 modum
447 3198 576 3249 statuere
590 3209 691 3250 rerum
705 3176 972 3255 memorandanun
990 3186 1179 3249 multitudini

135 3297 276 3360 possem,
296 3281 356 3347 nisi
373 3287 492 3366 animus
505 3289 674 3373 impelleret
685 3291 787 3373 reique
800 3289 895 3374 ipsius
910 3284 1047 3372 pondus,
1081 3309 1202 3379 paucam

138 3377 176 3439 de
192 3380 228 3441 iis
241 3380 349 3460 glossis
362 3387 400 3446 ab
412 3383 576 3449 Athenaeo
593 3392 748 3475 explicatis
761 3389 873 3452 addere
886 3391 995 3464 verba,
1020 3388 1053 3447 in
1068 3390 1180 3472 quihus

137 3480 346 3567 glossographi
358 3507 488 3564 nomen,
511 3491 594 3570 cuius
608 3504 654 3553 est
667 3513 703 3554 ea
719 3489 938 3574 interpretatiO,
961 3485 1090 3549 adiicere
1102 3489 1181 3551 scri-

135 3591 204 3664 ptor
220 3584 397 3666 supersedit.
441 3587 584 3654 Vidimus
603 3593 686 3654 enim
706 3595 867 3666 hactonus,
890 3611 981 3672 quern
996 3573 1033 3648 in*
1046 3589 1182 3655 modum

136 3677 332 3762 Athenaeus,
366 3689 656 3777 quaeinPamphilo
672 3714 728 3755 suo
741 3690 924 3775 reperiebat,
956 3691 1093 3753 insuurn
1107 3708 1182 3755 ver-

137 3791 211 3844 teret
223 3803 328 3862 usum,
352 3800 381 3848 et
396 3791 478 3872 quod
492 3792 581 3856 valde
595 3790 777 3878 reprehendi
794 3793 915 3877 nequit,
936 3814 992 3855 sua
1007 3794 1183 3878 quibusque

134 3882 372 3971 glossographis,
415 3889 575 3978 Pamphilo
599 3915 706 3955 eorum
729 3895 887 3957 collectore
907 3887 972 3956 n'on
994 3907 1183 3974 memorato,

15 3978 17 3986 ’
133 3979 298 4046 redderet(
324 3989 467 4076 Superest
489 3991 716 4073 unstradan,
747 4017 839 4080 saepe
860 4017 899 4056 ex
921 3993 1082 4080 Pamphilo
1105 4016 1184 4060 etun
