<?xml version="1.0" encoding="UTF-8"?>
<!DOCTYPE html PUBLIC "-//W3C//DTD XHTML 1.0 Transitional//EN"
    "http://www.w3.org/TR/xhtml1/DTD/xhtml1-transitional.dtd">
<html xmlns="http://www.w3.org/1999/xhtml" xml:lang="en" lang="en">
 <head>
  <title>
</title>
<meta http-equiv="Content-Type" content="text/html;charset=utf-8" />
  <meta name='ocr-system' content='tesseract 3.04.00' />
  <meta name='ocr-capabilities' content='ocr_page ocr_carea ocr_par ocr_line ocrx_word'/>
</head>
<body>
  <div class='ocr_page' id='page_1' title='image "./caroliferdinand00rankgoog_0068.png"; bbox 0 0 2534 4644; ppageno 0'>
   <div class='ocr_carea' id='block_1_1' title="bbox 512 126 625 205">
    <p class='ocr_par' dir='ltr' id='par_1_1' title="bbox 512 126 625 205">
     <span class='ocr_line' id='line_1_1' title="bbox 512 126 625 205; baseline 0 -35"><span class='ocrx_word' id='word_1_1' title='bbox 512 126 545 205; x_wconf 51' lang='grc' dir='ltr'>ᾖ</span> <span class='ocrx_word' id='word_1_2' title='bbox 623 167 625 170; x_wconf 24' lang='lat'><em>⁴</em></span> 
     </span>
    </p>
   </div>
   <div class='ocr_carea' id='block_1_2' title="bbox 1100 261 1142 338">
    <p class='ocr_par' dir='ltr' id='par_1_2' title="bbox 1100 240 1151 338">
     <span class='ocr_line' id='line_1_2' title="bbox 1100 261 1142 338; baseline 0 -94"><span class='ocrx_word' id='word_1_3' title='bbox 1100 261 1142 338; x_wconf 50' lang='lat' dir='ltr'><strong><em>m</em></strong></span> 
     </span>
    </p>
   </div>
   <div class='ocr_carea' id='block_1_3' title="bbox 55 427 1145 4051">
    <p class='ocr_par' dir='ltr' id='par_1_3' title="bbox 55 427 1145 3443">
     <span class='ocr_line' id='line_1_3' title="bbox 102 427 1141 520; baseline -0.007 -23"><span class='ocrx_word' id='word_1_4' title='bbox 102 437 254 520; x_wconf 87' lang='lat' dir='ltr'>professus</span> <span class='ocrx_word' id='word_1_5' title='bbox 271 440 317 494; x_wconf 88' lang='lat' dir='ltr'>est</span> <span class='ocrx_word' id='word_1_6' title='bbox 338 451 410 509; x_wconf 70' lang='lat' dir='ltr'>„ex</span> <span class='ocrx_word' id='word_1_7' title='bbox 422 429 569 492; x_wconf 87' lang='lat' dir='ltr'>Heraclea</span> <span class='ocrx_word' id='word_1_8' title='bbox 586 428 711 491; x_wconf 80' lang='lat' dir='ltr'>Pontica</span> <span class='ocrx_word' id='word_1_9' title='bbox 729 428 829 497; x_wconf 76' lang='lat' dir='ltr'>virum</span> <span class='ocrx_word' id='word_1_10' title='bbox 843 437 1018 490; x_wconf 87' lang='lat' dir='ltr'>nonortum</span> <span class='ocrx_word' id='word_1_11' title='bbox 1032 427 1141 511; x_wconf 75' lang='lat' dir='ltr'>esse“;</span> 
     </span>
     <span class='ocr_line' id='line_1_4' title="bbox 101 528 1140 616; baseline -0.005 -20"><span class='ocrx_word' id='word_1_12' title='bbox 101 535 213 596; x_wconf 88' lang='lat' dir='ltr'>deinde</span> <span class='ocrx_word' id='word_1_13' title='bbox 230 534 414 616; x_wconf 69' lang='lat' dir='ltr'>suspicatio,</span> <span class='ocrx_word' id='word_1_14' title='bbox 436 532 621 593; x_wconf 79' lang='lat' dir='ltr'>‘Heracleam</span> <span class='ocrx_word' id='word_1_15' title='bbox 636 528 777 591; x_wconf 84' lang='lat' dir='ltr'>Albacen</span> <span class='ocrx_word' id='word_1_16' title='bbox 798 531 863 592; x_wconf 89' lang='lat' dir='ltr'>eius</span> <span class='ocrx_word' id='word_1_17' title='bbox 883 531 1012 615; x_wconf 80' lang='lat' dir='ltr'>patriam</span> <span class='ocrx_word' id='word_1_18' title='bbox 1031 531 1140 604; x_wconf 77' lang='lat' dir='ltr'>fuisse3</span> 
     </span>
     <span class='ocr_line' id='line_1_5' title="bbox 101 618 1143 719; baseline -0.003 -22"><span class='ocrx_word' id='word_1_19' title='bbox 101 657 163 719; x_wconf 94' lang='lat' dir='ltr'>quo</span> <span class='ocrx_word' id='word_1_20' title='bbox 178 634 303 697; x_wconf 86' lang='lat' dir='ltr'>tandem</span> <span class='ocrx_word' id='word_1_21' title='bbox 315 631 411 693; x_wconf 92' lang='lat' dir='ltr'>modo</span> <span class='ocrx_word' id='word_1_22' title='bbox 426 632 467 692; x_wconf 91' lang='lat' dir='ltr'>ita</span> <span class='ocrx_word' id='word_1_23' title='bbox 481 652 603 716; x_wconf 77' lang='lat' dir='ltr'>pergere</span> <span class='ocrx_word' id='word_1_24' title='bbox 621 633 720 715; x_wconf 83' lang='lat' dir='ltr'>potuit</span> <span class='ocrx_word' id='word_1_25' title='bbox 740 625 809 709; x_wconf 81' lang='lat' dir='ltr'>„ori</span> <span class='ocrx_word' id='word_1_26' title='bbox 829 625 893 712; x_wconf 73' lang='grc' dir='ltr'>γὰρ</span> <span class='ocrx_word' id='word_1_27' title='bbox 916 629 1021 712; x_wconf 78' lang='grc' dir='ltr'><strong><em>ῥητῶς</em></strong></span> <span class='ocrx_word' id='word_1_28' title='bbox 1042 618 1143 710; x_wconf 81' lang='grc' dir='ltr'><strong>εὗρον</strong></span> 
     </span>
     <span class='ocr_line' id='line_1_6' title="bbox 101 724 1141 817; baseline -0.006 -16"><span class='ocrx_word' id='word_1_29' title='bbox 101 731 139 800; x_wconf 76' lang='grc' dir='ltr'>τὸ</span> <span class='ocrx_word' id='word_1_30' title='bbox 162 729 391 817; x_wconf 58' lang='lat' dir='ltr'>{tripertiatur</span> <span class='ocrx_word' id='word_1_31' title='bbox 412 726 515 795; x_wconf 76' lang='grc' dir='ltr'><strong><em>αὐτὸν</em></strong></span> <span class='ocrx_word' id='word_1_32' title='bbox 536 727 621 795; x_wconf 80' lang='grc' dir='ltr'><strong><em>εἶναι</em></strong></span> <span class='ocrx_word' id='word_1_33' title='bbox 641 727 678 795; x_wconf 77' lang='grc' dir='ltr'>ἐν</span> <span class='ocrx_word' id='word_1_34' title='bbox 697 727 828 815; x_wconf 78' lang='grc' dir='ltr'><strong><em>πόντῳ,</em></strong></span> <span class='ocrx_word' id='word_1_35' title='bbox 851 725 925 800; x_wconf 76' lang='grc' dir='ltr'>ἀλλ’</span> <span class='ocrx_word' id='word_1_36' title='bbox 948 725 1036 795; x_wconf 76' lang='grc' dir='ltr'><strong>οὕτω</strong></span> <span class='ocrx_word' id='word_1_37' title='bbox 1050 724 1141 812; x_wconf 68' lang='grc' dir='ltr'><strong><em>παρά</em></strong></span> 
     </span>
     <span class='ocr_line' id='line_1_7' title="bbox 101 830 1142 917; baseline -0.005 -15"><span class='ocrx_word' id='word_1_38' title='bbox 101 851 167 902; x_wconf 83' lang='grc' dir='ltr'><strong><em>τισι</em></strong></span> <span class='ocrx_word' id='word_1_39' title='bbox 188 830 380 911; x_wconf 73' lang='grc' dir='ltr'><strong><em>δεδόξασται</em></strong></span> <span class='ocrx_word' id='word_1_40' title='bbox 388 835 430 898; x_wconf 80' lang='lat'>“?</span> <span class='ocrx_word' id='word_1_41' title='bbox 450 833 561 896; x_wconf 87' lang='lat' dir='ltr'>Nonne</span> <span class='ocrx_word' id='word_1_42' title='bbox 576 834 796 917; x_wconf 83' lang='lat' dir='ltr'>longeaptiora</span> <span class='ocrx_word' id='word_1_43' title='bbox 815 835 890 894; x_wconf 90' lang='lat' dir='ltr'>haec</span> <span class='ocrx_word' id='word_1_44' title='bbox 903 832 1011 912; x_wconf 78' lang='lat' dir='ltr'>forent,</span> <span class='ocrx_word' id='word_1_45' title='bbox 1032 834 1060 896; x_wconf 89' lang='lat' dir='ltr'>si</span> <span class='ocrx_word' id='word_1_46' title='bbox 1074 845 1142 897; x_wconf 51' lang='lat' dir='ltr'>ants.</span> 
     </span>
     <span class='ocr_line' id='line_1_8' title="bbox 100 933 1141 1022; baseline -0.005 -22"><span class='ocrx_word' id='word_1_47' title='bbox 100 961 140 1000; x_wconf 89' lang='lat' dir='ltr'>ea</span> <span class='ocrx_word' id='word_1_48' title='bbox 156 939 282 1022; x_wconf 79' lang='lat' dir='ltr'>scriptor</span> <span class='ocrx_word' id='word_1_49' title='bbox 294 934 425 1010; x_wconf 77' lang='lat' dir='ltr'>dixisset,</span> <span class='ocrx_word' id='word_1_50' title='bbox 448 956 487 995; x_wconf 83' lang='lat' dir='ltr'>ex</span> <span class='ocrx_word' id='word_1_51' title='bbox 499 935 626 997; x_wconf 84' lang='lat' dir='ltr'>Pontica</span> <span class='ocrx_word' id='word_1_52' title='bbox 637 935 783 995; x_wconf 86' lang='lat' dir='ltr'>Heraclea</span> <span class='ocrx_word' id='word_1_53' title='bbox 798 933 1024 1019; x_wconf 80' lang='lat' dir='ltr'>Diogenianum</span> <span class='ocrx_word' id='word_1_54' title='bbox 1037 933 1141 1020; x_wconf 89' lang='lat' dir='ltr'>prodi-</span> 
     </span>
     <span class='ocr_line' id='line_1_9' title="bbox 101 1028 1141 1117; baseline -0.001 -17"><span class='ocrx_word' id='word_1_55' title='bbox 101 1040 178 1117; x_wconf 80' lang='lat' dir='ltr'>isse3</span> <span class='ocrx_word' id='word_1_56' title='bbox 205 1039 293 1098; x_wconf 86' lang='lat' dir='ltr'>utin</span> <span class='ocrx_word' id='word_1_57' title='bbox 317 1033 435 1096; x_wconf 84' lang='lat' dir='ltr'>Aldino</span> <span class='ocrx_word' id='word_1_58' title='bbox 459 1036 542 1096; x_wconf 90' lang='lat' dir='ltr'>libro·</span> <span class='ocrx_word' id='word_1_59' title='bbox 566 1028 727 1114; x_wconf 80' lang='lat' dir='ltr'>legrmtur?</span> <span class='ocrx_word' id='word_1_60' title='bbox 748 1035 905 1097; x_wconf 84' lang='lat' dir='ltr'>Praeterea</span> <span class='ocrx_word' id='word_1_61' title='bbox 923 1036 1030 1096; x_wconf 71' lang='lat' dir='ltr'>enoris</span> <span class='ocrx_word' id='word_1_62' title='bbox 1054 1056 1141 1099; x_wconf 63' lang='lat' dir='ltr'>caus.</span> 
     </span>
     <span class='ocr_line' id='line_1_10' title="bbox 101 1131 1141 1221; baseline -0.003 -20"><span class='ocrx_word' id='word_1_63' title='bbox 101 1138 272 1201; x_wconf 83' lang='lat' dir='ltr'>samfuisse</span> <span class='ocrx_word' id='word_1_64' title='bbox 284 1131 536 1220; x_wconf 73' lang='grc' dir='ltr'><em>ὁμοιοτὲλευτον</em></span> <span class='ocrx_word' id='word_1_65' title='bbox 556 1132 677 1196; x_wconf 86' lang='lat' dir='ltr'>Bastius</span> <span class='ocrx_word' id='word_1_66' title='bbox 698 1136 834 1197; x_wconf 85' lang='lat' dir='ltr'>coniecit.</span> <span class='ocrx_word' id='word_1_67' title='bbox 875 1135 921 1198; x_wconf 90' lang='lat' dir='ltr'>At</span> <span class='ocrx_word' id='word_1_68' title='bbox 942 1136 968 1198; x_wconf 93' lang='lat' dir='ltr'>si</span> <span class='ocrx_word' id='word_1_69' title='bbox 986 1137 1141 1221; x_wconf 86' lang='lat' dir='ltr'>scriptora</span> 
     </span>
     <span class='ocr_line' id='line_1_11' title="bbox 100 1233 1140 1325; baseline -0.001 -25"><span class='ocrx_word' id='word_1_70' title='bbox 100 1242 199 1325; x_wconf 88' lang='lat' dir='ltr'>priore</span> <span class='ocrx_word' id='word_1_71' title='bbox 220 1233 418 1321; x_wconf 72' lang='lat' dir='ltr'>„ysyovoic“</span> <span class='ocrx_word' id='word_1_72' title='bbox 439 1235 480 1297; x_wconf 93' lang='lat' dir='ltr'>ad</span> <span class='ocrx_word' id='word_1_73' title='bbox 497 1237 645 1319; x_wconf 79' lang='lat' dir='ltr'><strong>posterius</strong></span> <span class='ocrx_word' id='word_1_74' title='bbox 658 1234 962 1314; x_wconf 80' lang='lat' dir='ltr'>deserebaurroculis,</span> <span class='ocrx_word' id='word_1_75' title='bbox 984 1237 1140 1321; x_wconf 86' lang='lat' dir='ltr'>quomodo</span> 
     </span>
     <span class='ocr_line' id='line_1_12' title="bbox 100 1332 1141 1417; baseline 0 -16"><span class='ocrx_word' id='word_1_76' title='bbox 100 1344 290 1417; x_wconf 85' lang='lat' dir='ltr'>factumest,</span> <span class='ocrx_word' id='word_1_77' title='bbox 311 1350 346 1399; x_wconf 87' lang='lat' dir='ltr'>ut</span> <span class='ocrx_word' id='word_1_78' title='bbox 356 1332 413 1400; x_wconf 78' lang='grc' dir='ltr'>καὶ</span> <span class='ocrx_word' id='word_1_79' title='bbox 434 1335 608 1400; x_wconf 81' lang='lat' dir='ltr'>excideret?</span> <span class='ocrx_word' id='word_1_80' title='bbox 630 1334 791 1397; x_wconf 88' lang='lat' dir='ltr'>Accedunt</span> <span class='ocrx_word' id='word_1_81' title='bbox 805 1338 965 1400; x_wconf 78' lang='lat' dir='ltr'>accusativi</span> <span class='ocrx_word' id='word_1_82' title='bbox 978 1339 1141 1401; x_wconf 54' lang='lat' dir='ltr'>nominati</span> 
     </span>
     <span class='ocr_line' id='line_1_13' title="bbox 100 1435 1140 1525; baseline -0.004 -21"><span class='ocrx_word' id='word_1_83' title='bbox 100 1442 166 1504; x_wconf 82' lang='lat' dir='ltr'>vos</span> <span class='ocrx_word' id='word_1_84' title='bbox 185 1441 378 1524; x_wconf 77' lang='lat' dir='ltr'>excipientes.</span> <span class='ocrx_word' id='word_1_85' title='bbox 421 1435 462 1498; x_wconf 90' lang='lat' dir='ltr'>Ut</span> <span class='ocrx_word' id='word_1_86' title='bbox 489 1439 590 1515; x_wconf 82' lang='lat' dir='ltr'>brevi,</span> <span class='ocrx_word' id='word_1_87' title='bbox 618 1437 703 1522; x_wconf 27' lang='lat' dir='ltr'>,quod</span> <span class='ocrx_word' id='word_1_88' title='bbox 733 1440 847 1517; x_wconf 83' lang='lat' dir='ltr'>sentio,</span> <span class='ocrx_word' id='word_1_89' title='bbox 874 1435 1140 1525; x_wconf 78' lang='lat' dir='ltr'>comprehendam,</span> 
     </span>
     <span class='ocr_line' id='line_1_14' title="bbox 99 1539 1141 1626; baseline -0.002 -24"><span class='ocrx_word' id='word_1_90' title='bbox 99 1543 287 1626; x_wconf 83' lang='lat' dir='ltr'>corruptelae</span> <span class='ocrx_word' id='word_1_91' title='bbox 299 1541 385 1618; x_wconf 83' lang='lat' dir='ltr'>origo</span> <span class='ocrx_word' id='word_1_92' title='bbox 395 1540 485 1602; x_wconf 88' lang='lat' dir='ltr'>latius</span> <span class='ocrx_word' id='word_1_93' title='bbox 498 1550 580 1624; x_wconf 85' lang='lat' dir='ltr'>patet</span> <span class='ocrx_word' id='word_1_94' title='bbox 587 1560 606 1602; x_wconf 65' lang='grc' dir='ltr'>τ’</span> <span class='ocrx_word' id='word_1_95' title='bbox 617 1560 788 1623; x_wconf 84' lang='lat' dir='ltr'>magnaque</span> <span class='ocrx_word' id='word_1_96' title='bbox 805 1539 879 1602; x_wconf 82' lang='lat' dir='ltr'>vitia</span> <span class='ocrx_word' id='word_1_97' title='bbox 892 1560 956 1600; x_wconf 92' lang='lat' dir='ltr'>non</span> <span class='ocrx_word' id='word_1_98' title='bbox 974 1559 1028 1602; x_wconf 88' lang='lat' dir='ltr'>eos</span> <span class='ocrx_word' id='word_1_99' title='bbox 1040 1542 1141 1600; x_wconf 89' lang='lat' dir='ltr'>solum</span> 
     </span>
     <span class='ocr_line' id='line_1_15' title="bbox 98 1637 1141 1726; baseline -0.001 -24"><span class='ocrx_word' id='word_1_100' title='bbox 98 1644 210 1720; x_wconf 91' lang='lat' dir='ltr'>libros,</span> <span class='ocrx_word' id='word_1_101' title='bbox 239 1642 347 1726; x_wconf 86' lang='lat' dir='ltr'>quibus</span> <span class='ocrx_word' id='word_1_102' title='bbox 364 1637 483 1718; x_wconf 89' lang='lat' dir='ltr'>Aldus,</span> <span class='ocrx_word' id='word_1_103' title='bbox 510 1639 662 1702; x_wconf 84' lang='lat' dir='ltr'>Kustems·</span> <span class='ocrx_word' id='word_1_104' title='bbox 683 1641 793 1725; x_wconf 88' lang='lat' dir='ltr'>aliique</span> <span class='ocrx_word' id='word_1_105' title='bbox 812 1641 859 1702; x_wconf 90' lang='lat' dir='ltr'>usi</span> <span class='ocrx_word' id='word_1_106' title='bbox 875 1651 973 1719; x_wconf 72' lang='lat' dir='ltr'>sunt,</span> <span class='ocrx_word' id='word_1_107' title='bbox 981 1638 1038 1702; x_wconf 88' lang='lat' dir='ltr'>sed</span> <span class='ocrx_word' id='word_1_108' title='bbox 1057 1639 1141 1701; x_wconf 82' lang='lat' dir='ltr'>Pari-</span> 
     </span>
     <span class='ocr_line' id='line_1_16' title="bbox 55 1739 695 1827; baseline 0 -22"><span class='ocrx_word' id='word_1_109' title='bbox 55 1795 59 1805; x_wconf 94' lang='lat'><em>.</em></span> <span class='ocrx_word' id='word_1_110' title='bbox 100 1743 233 1805; x_wconf 87' lang='lat' dir='ltr'>siensem</span> <span class='ocrx_word' id='word_1_111' title='bbox 246 1743 339 1802; x_wconf 88' lang='lat' dir='ltr'>etiam</span> <span class='ocrx_word' id='word_1_112' title='bbox 351 1739 490 1802; x_wconf 86' lang='lat' dir='ltr'>codicem</span> <span class='ocrx_word' id='word_1_113' title='bbox 503 1753 695 1827; x_wconf 81' lang='lat' dir='ltr'>occupaumt.</span> 
     </span>
     <span class='ocr_line' id='line_1_17' title="bbox 184 1842 1142 1928; baseline 0 -21"><span class='ocrx_word' id='word_1_114' title='bbox 184 1843 256 1907; x_wconf 88' lang='lat' dir='ltr'>Non</span> <span class='ocrx_word' id='word_1_115' title='bbox 281 1863 351 1906; x_wconf 90' lang='lat' dir='ltr'>sum</span> <span class='ocrx_word' id='word_1_116' title='bbox 374 1842 510 1919; x_wconf 88' lang='lat' dir='ltr'>nescius,</span> <span class='ocrx_word' id='word_1_117' title='bbox 542 1859 601 1906; x_wconf 70' lang='lat' dir='ltr'>&#39;me</span> <span class='ocrx_word' id='word_1_118' title='bbox 629 1843 792 1906; x_wconf 72' lang='lat' dir='ltr'>codicibus</span> <span class='ocrx_word' id='word_1_119' title='bbox 809 1844 933 1928; x_wconf 80' lang='lat' dir='ltr'>aliisque</span> <span class='ocrx_word' id='word_1_120' title='bbox 958 1842 1142 1908; x_wconf 86' lang='lat' dir='ltr'>adiumentis</span> 
     </span>
     <span class='ocr_line' id='line_1_18' title="bbox 97 1943 1141 2026; baseline 0.003 -20"><span class='ocrx_word' id='word_1_121' title='bbox 97 1945 228 2006; x_wconf 91' lang='lat' dir='ltr'>omnino</span> <span class='ocrx_word' id='word_1_122' title='bbox 245 1943 434 2019; x_wconf 89' lang='lat' dir='ltr'>destitutum,</span> <span class='ocrx_word' id='word_1_123' title='bbox 451 1943 484 2004; x_wconf 86' lang='lat' dir='ltr'>si</span> <span class='ocrx_word' id='word_1_124' title='bbox 503 1944 560 2005; x_wconf 88' lang='lat' dir='ltr'>has</span> <span class='ocrx_word' id='word_1_125' title='bbox 572 1955 669 2007; x_wconf 84' lang='lat' dir='ltr'>tantas</span> <span class='ocrx_word' id='word_1_126' title='bbox 680 1944 880 2007; x_wconf 55' lang='lat' dir='ltr'>&gt;difficultates</span> <span class='ocrx_word' id='word_1_127' title='bbox 901 1946 1022 2008; x_wconf 73' lang='lat' dir='ltr'>sincere</span> <span class='ocrx_word' id='word_1_128' title='bbox 1034 1967 1141 2026; x_wconf 66' lang='lat' dir='ltr'>aggre÷</span> 
     </span>
     <span class='ocr_line' id='line_1_19' title="bbox 96 2041 1141 2130; baseline 0.006 -27"><span class='ocrx_word' id='word_1_129' title='bbox 96 2043 183 2120; x_wconf 87' lang='lat' dir='ltr'>dior,</span> <span class='ocrx_word' id='word_1_130' title='bbox 209 2045 306 2104; x_wconf 84' lang='lat' dir='ltr'>nimis</span> <span class='ocrx_word' id='word_1_131' title='bbox 326 2041 473 2103; x_wconf 83' lang='lat' dir='ltr'>audacem</span> <span class='ocrx_word' id='word_1_132' title='bbox 493 2045 635 2106; x_wconf 86' lang='lat' dir='ltr'>omnibus</span> <span class='ocrx_word' id='word_1_133' title='bbox 655 2046 792 2108; x_wconf 80' lang='lat' dir='ltr'>visurum</span> <span class='ocrx_word' id='word_1_134' title='bbox 820 2066 920 2108; x_wconf 53' lang='lat' dir='ltr'>esseev</span> <span class='ocrx_word' id='word_1_135' title='bbox 938 2045 1101 2130; x_wconf 80' lang='lat' dir='ltr'>Propterea</span> <span class='ocrx_word' id='word_1_136' title='bbox 1122 2058 1141 2122; x_wconf 78' lang='lat' dir='ltr'>&#39;a</span> 
     </span>
     <span class='ocr_line' id='line_1_20' title="bbox 63 2146 1141 2229; baseline 0.005 -25"><span class='ocrx_word' id='word_1_137' title='bbox 63 2177 68 2183; x_wconf 93' lang='lat'><strong>·</strong></span> <span class='ocrx_word' id='word_1_138' title='bbox 101 2146 184 2205; x_wconf 90' lang='lat' dir='ltr'>nulla</span> <span class='ocrx_word' id='word_1_139' title='bbox 205 2165 239 2204; x_wconf 93' lang='lat' dir='ltr'>re</span> <span class='ocrx_word' id='word_1_140' title='bbox 258 2153 341 2203; x_wconf 84' lang='lat' dir='ltr'>tanto</span> <span class='ocrx_word' id='word_1_141' title='bbox 370 2164 463 2227; x_wconf 89' lang='lat' dir='ltr'>opere</span> <span class='ocrx_word' id='word_1_142' title='bbox 480 2164 533 2204; x_wconf 92' lang='lat' dir='ltr'>me</span> <span class='ocrx_word' id='word_1_143' title='bbox 554 2147 683 2207; x_wconf 92' lang='lat' dir='ltr'>cohibeo</span> <span class='ocrx_word' id='word_1_144' title='bbox 708 2166 800 2229; x_wconf 91' lang='lat' dir='ltr'>quam</span> <span class='ocrx_word' id='word_1_145' title='bbox 820 2149 858 2207; x_wconf 90' lang='lat' dir='ltr'>ab</span> <span class='ocrx_word' id='word_1_146' title='bbox 878 2165 914 2206; x_wconf 90' lang='lat' dir='ltr'>ea</span> <span class='ocrx_word' id='word_1_147' title='bbox 936 2146 1141 2227; x_wconf 81' lang='lat' dir='ltr'>immodestia,</span> 
     </span>
     <span class='ocr_line' id='line_1_21' title="bbox 90 2242 1142 2329; baseline 0.007 -25"><span class='ocrx_word' id='word_1_148' title='bbox 90 2255 337 2329; x_wconf 85' lang='lat' dir='ltr'>quaetanquam</span> <span class='ocrx_word' id='word_1_149' title='bbox 350 2242 389 2305; x_wconf 93' lang='lat' dir='ltr'>de</span> <span class='ocrx_word' id='word_1_150' title='bbox 405 2242 529 2328; x_wconf 50' lang='lat' dir='ltr'>tripode*</span> <span class='ocrx_word' id='word_1_151' title='bbox 546 2245 687 2328; x_wconf 38' lang='lat' dir='ltr'>loquitur*</span> <span class='ocrx_word' id='word_1_152' title='bbox 734 2244 801 2307; x_wconf 91' lang='lat' dir='ltr'>lam</span> <span class='ocrx_word' id='word_1_153' title='bbox 820 2247 910 2324; x_wconf 82' lang='lat' dir='ltr'>igitur</span> <span class='ocrx_word' id='word_1_154' title='bbox 920 2249 1013 2309; x_wconf 86' lang='lat' dir='ltr'>missa</span> <span class='ocrx_word' id='word_1_155' title='bbox 1025 2250 1078 2310; x_wconf 85' lang='lat' dir='ltr'>illa</span> <span class='ocrx_word' id='word_1_156' title='bbox 1089 2271 1142 2311; x_wconf 90' lang='lat' dir='ltr'>su-</span> 
     </span>
     <span class='ocr_line' id='line_1_22' title="bbox 100 2344 1143 2431; baseline 0.006 -25"><span class='ocrx_word' id='word_1_157' title='bbox 100 2367 155 2431; x_wconf 86' lang='lat' dir='ltr'>pra</span> <span class='ocrx_word' id='word_1_158' title='bbox 167 2344 246 2406; x_wconf 88' lang='lat' dir='ltr'>dicta</span> <span class='ocrx_word' id='word_1_159' title='bbox 258 2346 436 2424; x_wconf 75' lang='lat' dir='ltr'>coniectiua,</span> <span class='ocrx_word' id='word_1_160' title='bbox 453 2347 510 2408; x_wconf 88' lang='lat' dir='ltr'>alia</span> <span class='ocrx_word' id='word_1_161' title='bbox 524 2346 761 2423; x_wconf 79' lang='lat' dir='ltr'>animumsubit,</span> <span class='ocrx_word' id='word_1_162' title='bbox 771 2349 822 2410; x_wconf 77' lang='lat' dir='ltr'>vel</span> <span class='ocrx_word' id='word_1_163' title='bbox 830 2348 1029 2411; x_wconf 86' lang='lat' dir='ltr'>verisimilior.</span> <span class='ocrx_word' id='word_1_164' title='bbox 1052 2349 1143 2429; x_wconf 88' lang='lat' dir='ltr'>Quae</span> 
     </span>
     <span class='ocr_line' id='line_1_23' title="bbox 99 2444 1142 2531; baseline 0.005 -23"><span class='ocrx_word' id='word_1_165' title='bbox 99 2448 133 2508; x_wconf 90' lang='lat' dir='ltr'>in</span> <span class='ocrx_word' id='word_1_166' title='bbox 152 2447 281 2530; x_wconf 85' lang='lat' dir='ltr'>antiquis</span> <span class='ocrx_word' id='word_1_167' title='bbox 303 2448 526 2531; x_wconf 79' lang='lat' dir='ltr'>exemplaribus</span> <span class='ocrx_word' id='word_1_168' title='bbox 546 2444 586 2508; x_wconf 89' lang='lat' dir='ltr'>de</span> <span class='ocrx_word' id='word_1_169' title='bbox 609 2469 670 2508; x_wconf 90' lang='lat' dir='ltr'>uno</span> <span class='ocrx_word' id='word_1_170' title='bbox 685 2446 878 2526; x_wconf 88' lang='lat' dir='ltr'>Diogeniano</span> <span class='ocrx_word' id='word_1_171' title='bbox 892 2447 971 2511; x_wconf 87' lang='lat' dir='ltr'>dicta</span> <span class='ocrx_word' id='word_1_172' title='bbox 986 2462 1083 2531; x_wconf 89' lang='lat' dir='ltr'>erant,</span> <span class='ocrx_word' id='word_1_173' title='bbox 1106 2473 1142 2513; x_wconf 90' lang='lat' dir='ltr'>ea</span> 
     </span>
     <span class='ocr_line' id='line_1_24' title="bbox 99 2546 1144 2635; baseline 0.002 -24"><span class='ocrx_word' id='word_1_174' title='bbox 99 2551 139 2611; x_wconf 90' lang='lat' dir='ltr'>ab</span> <span class='ocrx_word' id='word_1_175' title='bbox 160 2549 246 2610; x_wconf 89' lang='lat' dir='ltr'>initio</span> <span class='ocrx_word' id='word_1_176' title='bbox 262 2547 431 2626; x_wconf 84' lang='lat' dir='ltr'>disiuncta,</span> <span class='ocrx_word' id='word_1_177' title='bbox 452 2549 495 2609; x_wconf 84' lang='lat' dir='ltr'>ita</span> <span class='ocrx_word' id='word_1_178' title='bbox 510 2546 683 2632; x_wconf 87' lang='lat' dir='ltr'>separanda</span> <span class='ocrx_word' id='word_1_179' title='bbox 700 2560 784 2627; x_wconf 87' lang='lat' dir='ltr'>sunt,</span> <span class='ocrx_word' id='word_1_180' title='bbox 803 2561 839 2611; x_wconf 79' lang='lat' dir='ltr'>&#39;ut</span> <span class='ocrx_word' id='word_1_181' title='bbox 858 2552 967 2634; x_wconf 88' lang='lat' dir='ltr'>scripta</span> <span class='ocrx_word' id='word_1_182' title='bbox 987 2546 1070 2635; x_wconf 85' lang='lat' dir='ltr'>prius</span> <span class='ocrx_word' id='word_1_183' title='bbox 1084 2551 1144 2613; x_wconf 86' lang='lat' dir='ltr'>rio-</span> 
     </span>
     <span class='ocr_line' id='line_1_25' title="bbox 100 2650 1142 2737; baseline 0.006 -27"><span class='ocrx_word' id='word_1_184' title='bbox 100 2651 215 2717; x_wconf 79' lang='lat' dir='ltr'>minata</span> <span class='ocrx_word' id='word_1_185' title='bbox 241 2660 275 2710; x_wconf 91' lang='lat' dir='ltr'>et</span> <span class='ocrx_word' id='word_1_186' title='bbox 290 2650 481 2712; x_wconf 80' lang='lat' dir='ltr'>nominativo</span> <span class='ocrx_word' id='word_1_187' title='bbox 503 2670 574 2710; x_wconf 86' lang='lat' dir='ltr'>casu</span> <span class='ocrx_word' id='word_1_188' title='bbox 596 2650 729 2712; x_wconf 86' lang='lat' dir='ltr'>exhibita</span> <span class='ocrx_word' id='word_1_189' title='bbox 750 2653 923 2735; x_wconf 86' lang='lat' dir='ltr'>posterioris</span> <span class='ocrx_word' id='word_1_190' title='bbox 943 2654 1016 2729; x_wconf 87' lang='lat' dir='ltr'>sint,</span> <span class='ocrx_word' id='word_1_191' title='bbox 1038 2650 1142 2737; x_wconf 87' lang='lat' dir='ltr'>poste-</span> 
     </span>
     <span class='ocr_line' id='line_1_26' title="bbox 100 2750 1144 2835; baseline 0.002 -24"><span class='ocrx_word' id='word_1_192' title='bbox 100 2752 163 2812; x_wconf 90' lang='lat' dir='ltr'>rius</span> <span class='ocrx_word' id='word_1_193' title='bbox 182 2761 284 2810; x_wconf 89' lang='lat' dir='ltr'>autem</span> <span class='ocrx_word' id='word_1_194' title='bbox 306 2750 463 2810; x_wconf 85' lang='lat' dir='ltr'>nominata</span> <span class='ocrx_word' id='word_1_195' title='bbox 484 2769 555 2810; x_wconf 86' lang='lat' dir='ltr'>casu</span> <span class='ocrx_word' id='word_1_196' title='bbox 580 2751 750 2814; x_wconf 83' lang='lat' dir='ltr'>accusativo</span> <span class='ocrx_word' id='word_1_197' title='bbox 774 2752 892 2835; x_wconf 89' lang='lat' dir='ltr'>prioris.</span> <span class='ocrx_word' id='word_1_198' title='bbox 945 2753 1095 2813; x_wconf 92' lang='lat' dir='ltr'>Locum</span> <span class='ocrx_word' id='word_1_199' title='bbox 1085 2756 1144 2833; x_wconf 84' lang='lat' dir='ltr'>rgi-</span> 
     </span>
     <span class='ocr_line' id='line_1_27' title="bbox 101 2849 361 2928; baseline -0.005 -17"><span class='ocrx_word' id='word_1_200' title='bbox 101 2862 150 2911; x_wconf 89' lang='lat' dir='ltr'>tur</span> <span class='ocrx_word' id='word_1_201' title='bbox 158 2851 200 2912; x_wconf 86' lang='lat' dir='ltr'>rta</span> <span class='ocrx_word' id='word_1_202' title='bbox 212 2849 361 2928; x_wconf 48' lang='lat' dir='ltr'>dinero</span> 
     </span>
     <span class='ocr_line' id='line_1_28' title="bbox 186 2940 1143 3036; baseline 0.004 -21"><span class='ocrx_word' id='word_1_203' title='bbox 186 2940 436 3032; x_wconf 78' lang='grc' dir='ltr'><strong><em>Διογενειανός·</em></strong></span> <span class='ocrx_word' id='word_1_204' title='bbox 470 2943 665 3030; x_wconf 60' lang='grc' dir='ltr'><strong><em>Ἡρακλείας</em></strong></span> <span class='ocrx_word' id='word_1_205' title='bbox 704 2948 858 3018; x_wconf 80' lang='grc' dir='ltr'><strong><em>Πόντου·</em></strong></span> <span class='ocrx_word' id='word_1_206' title='bbox 902 2949 1143 3036; x_wconf 78' lang='grc' dir='ltr'>γραμματικός·</span> 
     </span>
     <span class='ocr_line' id='line_1_29' title="bbox 100 3046 1144 3137; baseline 0.004 -20"><span class='ocrx_word' id='word_1_207' title='bbox 100 3048 246 3136; x_wconf 74' lang='grc' dir='ltr'>γεγονώς</span> <span class='ocrx_word' id='word_1_208' title='bbox 271 3049 324 3116; x_wconf 75' lang='grc' dir='ltr'>ἐπὶ</span> <span class='ocrx_word' id='word_1_209' title='bbox 352 3046 527 3134; x_wconf 72' lang='grc' dir='ltr'>Ἀδριανοῦ</span> <span class='ocrx_word' id='word_1_210' title='bbox 557 3047 729 3134; x_wconf 74' lang='grc' dir='ltr'><strong><em>βασιλέως·</em></strong></span> <span class='ocrx_word' id='word_1_211' title='bbox 765 3052 926 3137; x_wconf 73' lang='grc' dir='ltr'>[ἔγραψε]</span> <span class='ocrx_word' id='word_1_212' title='bbox 947 3051 1019 3134; x_wconf 77' lang='grc' dir='ltr'>περὶ</span> <span class='ocrx_word' id='word_1_213' title='bbox 1044 3074 1144 3130; x_wconf 73' lang='grc' dir='ltr'><strong><em>ποτα-</em></strong></span> 
     </span>
     <span class='ocr_line' id='line_1_30' title="bbox 101 3148 1144 3274; baseline 0.007 -56"><span class='ocrx_word' id='word_1_214' title='bbox 101 3158 175 3237; x_wconf 73' lang='grc' dir='ltr'>μαῖα</span> <span class='ocrx_word' id='word_1_215' title='bbox 186 3148 269 3218; x_wconf 75' lang='grc' dir='ltr'>κατὰ</span> <span class='ocrx_word' id='word_1_216' title='bbox 272 3159 450 3274; x_wconf 67' lang='lat' dir='ltr'>ototxcipv</span> <span class='ocrx_word' id='word_1_217' title='bbox 462 3149 661 3255; x_wconf 75' lang='grc' dir='ltr'>ἐπίτομον’</span> <span class='ocrx_word' id='word_1_218' title='bbox 640 3152 853 3239; x_wconf 75' lang='grc' dir='ltr'><strong><em>αναγραφήν·</em></strong></span> <span class='ocrx_word' id='word_1_219' title='bbox 874 3153 1073 3241; x_wconf 71' lang='grc' dir='ltr'><strong><em>συναγωγὴν</em></strong></span> <span class='ocrx_word' id='word_1_220' title='bbox 1087 3156 1144 3224; x_wconf 77' lang='grc' dir='ltr'>καὶ</span> 
     </span>
     <span class='ocr_line' id='line_1_31' title="bbox 101 3251 966 3340; baseline 0.002 -21"><span class='ocrx_word' id='word_1_221' title='bbox 101 3255 223 3320; x_wconf 73' lang='grc' dir='ltr'><strong><em>πίνακα</em></strong></span> <span class='ocrx_word' id='word_1_222' title='bbox 239 3256 308 3318; x_wconf 76' lang='lat' dir='ltr'>reio</span> <span class='ocrx_word' id='word_1_223' title='bbox 321 3253 359 3319; x_wconf 79' lang='grc' dir='ltr'>ἐν</span> <span class='ocrx_word' id='word_1_224' title='bbox 366 3251 463 3340; x_wconf 76' lang='grc' dir='ltr'><strong><em>πασῃ</em></strong></span> <span class='ocrx_word' id='word_1_225' title='bbox 476 3258 516 3338; x_wconf 71' lang='grc' dir='ltr'>τῇ</span> <span class='ocrx_word' id='word_1_226' title='bbox 529 3277 571 3337; x_wconf 69' lang='grc' dir='ltr'>γη</span> <span class='ocrx_word' id='word_1_227' title='bbox 558 3252 714 3320; x_wconf 73' lang='grc' dir='ltr'><strong><em>πόλεων</em></strong></span> <span class='ocrx_word' id='word_1_228' title='bbox 729 3253 840 3321; x_wconf 74' lang='grc' dir='ltr'>καὶ</span> <span class='ocrx_word' id='word_1_229' title='bbox 804 3276 844 3319; x_wconf 78' lang='grc' dir='ltr'>τα</span> <span class='ocrx_word' id='word_1_230' title='bbox 857 3253 966 3321; x_wconf 78' lang='grc' dir='ltr'><strong><em>λοιπά.</em></strong></span> 
     </span>
     <span class='ocr_line' id='line_1_32' title="bbox 257 3351 1145 3443; baseline 0.005 -22.032"><span class='ocrx_word' id='word_1_231' title='bbox 257 3359 362 3440; x_wconf 80' lang='grc' dir='ltr'><em>..Λιογ</em></span> <span class='ocrx_word' id='word_1_232' title='bbox 381 3354 512 3438; x_wconf 70' lang='grc' dir='ltr'><strong><em>’.Ηρακλ</em></strong></span> <span class='ocrx_word' id='word_1_233' title='bbox 537 3351 650 3435; x_wconf 66' lang='grc' dir='ltr'><strong><em>ἑτέρας</em></strong></span> <span class='ocrx_word' id='word_1_234' title='bbox 675 3351 717 3422; x_wconf 79' lang='grc' dir='ltr'>οὐ</span> <span class='ocrx_word' id='word_1_235' title='bbox 739 3358 796 3439; x_wconf 80' lang='grc' dir='ltr'>τῆς</span> <span class='ocrx_word' id='word_1_236' title='bbox 819 3352 1015 3423; x_wconf 78' lang='lat' dir='ltr'>Ilo&#39;reov-</span> <span class='ocrx_word' id='word_1_237' title='bbox 1038 3353 1145 3443; x_wconf 74' lang='grc' dir='ltr'><em>ἄκρω-</em></span> 
     </span>
    </p>

    <p class='ocr_par' dir='ltr' id='par_1_4' title="bbox 100 3461 1145 4051">
     <span class='ocr_line' id='line_1_33' title="bbox 848 3461 956 3540; baseline -0.028 -17"><span class='ocrx_word' id='word_1_238' title='bbox 848 3461 956 3540; x_wconf 68' lang='lat' dir='ltr'>oredo.</span> 
     </span>
     <span class='ocr_line' id='line_1_34' title="bbox 103 3557 1144 3648; baseline 0.005 -27"><span class='ocrx_word' id='word_1_239' title='bbox 103 3560 186 3624; x_wconf 87' lang='lat' dir='ltr'>Nihil</span> <span class='ocrx_word' id='word_1_240' title='bbox 198 3558 320 3620; x_wconf 88' lang='lat' dir='ltr'>ulterius</span> <span class='ocrx_word' id='word_1_241' title='bbox 333 3557 448 3638; x_wconf 87' lang='lat' dir='ltr'>audeo,</span> <span class='ocrx_word' id='word_1_242' title='bbox 470 3580 643 3644; x_wconf 88' lang='lat' dir='ltr'>quanquam</span> <span class='ocrx_word' id='word_1_243' title='bbox 656 3560 698 3621; x_wconf 86' lang='lat' dir='ltr'>ita</span> <span class='ocrx_word' id='word_1_244' title='bbox 711 3580 834 3644; x_wconf 90' lang='lat' dir='ltr'>quoque</span> <span class='ocrx_word' id='word_1_245' title='bbox 846 3564 949 3622; x_wconf 92' lang='lat' dir='ltr'>locum</span> <span class='ocrx_word' id='word_1_246' title='bbox 963 3583 1028 3623; x_wconf 89' lang='lat' dir='ltr'>non</span> <span class='ocrx_word' id='word_1_247' title='bbox 1039 3585 1144 3648; x_wconf 90' lang='lat' dir='ltr'>persa-</span> 
     </span>
     <span class='ocr_line' id='line_1_35' title="bbox 103 3659 1144 3747; baseline 0.004 -24"><span class='ocrx_word' id='word_1_248' title='bbox 103 3671 210 3723; x_wconf 88' lang='lat' dir='ltr'>natum</span> <span class='ocrx_word' id='word_1_249' title='bbox 221 3679 288 3720; x_wconf 86' lang='lat' dir='ltr'>esse</span> <span class='ocrx_word' id='word_1_250' title='bbox 302 3659 401 3723; x_wconf 87' lang='lat' dir='ltr'>credo.</span> <span class='ocrx_word' id='word_1_251' title='bbox 443 3660 549 3747; x_wconf 81' lang='lat' dir='ltr'>Neque</span> <span class='ocrx_word' id='word_1_252' title='bbox 570 3662 684 3738; x_wconf 83' lang='lat' dir='ltr'>silebo,</span> <span class='ocrx_word' id='word_1_253' title='bbox 705 3662 785 3721; x_wconf 88' lang='lat' dir='ltr'>hanc</span> <span class='ocrx_word' id='word_1_254' title='bbox 801 3661 924 3745; x_wconf 89' lang='lat' dir='ltr'>quidem</span> <span class='ocrx_word' id='word_1_255' title='bbox 942 3665 1144 3746; x_wconf 82' lang='lat' dir='ltr'>posteriorem</span> 
     </span>
     <span class='ocr_line' id='line_1_36' title="bbox 100 3760 1145 3846; baseline 0.004 -22"><span class='ocrx_word' id='word_1_256' title='bbox 100 3764 308 3824; x_wconf 84' lang='lat' dir='ltr'>coniecturam</span> <span class='ocrx_word' id='word_1_257' title='bbox 329 3780 367 3821; x_wconf 88' lang='lat' dir='ltr'>eo</span> <span class='ocrx_word' id='word_1_258' title='bbox 379 3762 610 3840; x_wconf 77' lang='lat' dir='ltr'>commendari,</span> <span class='ocrx_word' id='word_1_259' title='bbox 638 3760 723 3846; x_wconf 92' lang='lat' dir='ltr'>quod</span> <span class='ocrx_word' id='word_1_260' title='bbox 741 3783 820 3846; x_wconf 90' lang='lat' dir='ltr'>quae</span> <span class='ocrx_word' id='word_1_261' title='bbox 838 3765 877 3826; x_wconf 85' lang='lat' dir='ltr'>ab</span> <span class='ocrx_word' id='word_1_262' title='bbox 896 3764 983 3825; x_wconf 88' lang='lat' dir='ltr'>initio</span> <span class='ocrx_word' id='word_1_263' title='bbox 1004 3765 1145 3828; x_wconf 88' lang='lat' dir='ltr'>codicum</span> 
     </span>
     <span class='ocr_line' id='line_1_37' title="bbox 104 3864 1145 3952; baseline 0.002 -26"><span class='ocrx_word' id='word_1_264' title='bbox 104 3864 280 3926; x_wconf 84' lang='lat' dir='ltr'>auctoritate</span> <span class='ocrx_word' id='word_1_265' title='bbox 294 3872 415 3923; x_wconf 87' lang='lat' dir='ltr'>ostensa</span> <span class='ocrx_word' id='word_1_266' title='bbox 428 3875 473 3924; x_wconf 87' lang='lat' dir='ltr'>est</span> <span class='ocrx_word' id='word_1_267' title='bbox 489 3867 672 3949; x_wconf 83' lang='lat' dir='ltr'>corruptela,</span> <span class='ocrx_word' id='word_1_268' title='bbox 695 3885 732 3925; x_wconf 89' lang='lat' dir='ltr'>ea</span> <span class='ocrx_word' id='word_1_269' title='bbox 745 3865 834 3927; x_wconf 83' lang='lat' dir='ltr'>facile</span> <span class='ocrx_word' id='word_1_270' title='bbox 846 3867 946 3951; x_wconf 87' lang='lat' dir='ltr'>potuit</span> <span class='ocrx_word' id='word_1_271' title='bbox 958 3867 1052 3927; x_wconf 84' lang='lat' dir='ltr'>finem</span> <span class='ocrx_word' id='word_1_272' title='bbox 1067 3889 1145 3952; x_wconf 91' lang='lat' dir='ltr'>quo-</span> 
     </span>
     <span class='ocr_line' id='line_1_38' title="bbox 106 3963 1144 4051; baseline 0.002 -24"><span class='ocrx_word' id='word_1_273' title='bbox 106 3989 163 4051; x_wconf 92' lang='lat' dir='ltr'>que</span> <span class='ocrx_word' id='word_1_274' title='bbox 183 3984 348 4050; x_wconf 85' lang='lat' dir='ltr'>occupare;</span> <span class='ocrx_word' id='word_1_275' title='bbox 376 3963 510 4048; x_wconf 80' lang='lat' dir='ltr'>priorem</span> <span class='ocrx_word' id='word_1_276' title='bbox 528 3977 645 4044; x_wconf 78' lang='lat' dir='ltr'>sutem,</span> <span class='ocrx_word' id='word_1_277' title='bbox 674 3987 754 4050; x_wconf 87' lang='lat' dir='ltr'>quae</span> <span class='ocrx_word' id='word_1_278' title='bbox 775 3965 926 4049; x_wconf 77' lang='lat' dir='ltr'>cyziceno</span> <span class='ocrx_word' id='word_1_279' title='bbox 949 3970 1144 4046; x_wconf 78' lang='lat' dir='ltr'>grammatico</span> 
     </span>
    </p>
   </div>
   <div class='ocr_carea' id='block_1_4' title="bbox 0 0 1275 4644">
    <p class='ocr_par' dir='ltr' id='par_1_5' title="bbox 0 0 1275 4644">
     <span class='ocr_line' id='line_1_39' title="bbox 0 0 1275 4644; baseline 0 0"><span class='ocrx_word' id='word_1_280' title='bbox 0 0 1275 4644; x_wconf 95' lang='lat' dir='ltr'> </span> 
     </span>
    </p>
   </div>
  </div>
 </body>
</html>
