2534 4644
112 445 324 532 perspicimus,
347 446 467 531 saepius
481 457 584 509 tamen
597 432 747 519 secuudud
758 466 879 530 quoque
894 457 925 511 et
937 456 1096 531 sequentes
1108 445 1157 508 lit-

111 559 189 612 teras
203 571 267 611 non
280 550 453 634 praeteritas
479 570 562 627 esse,
592 549 750 611 cernimus.
793 545 830 608 In
849 548 946 609 littera
964 569 985 628 γ
1003 549 1086 610 enim
1107 571 1156 612 re-

111 664 158 736 cte
184 660 252 713 sese
277 652 443 735 excipiunt,
471 645 699 731 γραμματικόν
721 647 855 730 ἔκπωμα
876 661 906 711 et
933 644 1056 731 γύαλα,
1084 653 1155 717 ine

110 748 230 835 ἐλέφας
262 765 292 814 et
314 749 454 835 ἔφηβος,
480 753 513 812 in
535 762 557 814 σ
582 744 768 830 σαννάκρα,
800 749 959 827 σελευκίς,
987 746 1152 832 σκάλλιον,

109 849 257 936 σκύφος,
279 855 311 915 in
333 875 367 928 τ,
390 853 561 934 ταβαίτας,
583 850 804 936 τραγέλαφος,
828 847 973 935 τριήρης.
1015 852 1052 915 In
1072 842 1152 917 mul-

110 959 148 1018 tis
162 957 228 1018 aliis
242 955 317 1017 ordo
330 957 504 1040 relinquitur
518 954 657 1040 quidem,
679 954 734 1017 sed
747 976 869 1040 semper
888 957 943 1033 ita,
964 966 999 1015 ut
1017 957 1151 1042 interpo-

110 1059 167 1120 sita
185 1069 300 1119 tanturn
321 1059 468 1118 nonnulla
490 1069 667 1143 appareant,
696 1058 747 1120 vel
767 1057 800 1117 in
818 1057 881 1117 fine
898 1055 1016 1135 addita,
1037 1059 1150 1143 reliqua

109 1171 212 1223 autem
232 1161 344 1222 iustum
366 1159 507 1221 ordinem
533 1159 673 1220 efficiant.
717 1155 937 1241 Comparemus
956 1153 1096 1232 Κάππα,
1117 1162 1150 1223 in

107 1283 167 1345 qua
187 1262 264 1322 liaec
285 1282 354 1323 sese
382 1262 535 1345 excipiunt
551 1260 676 1321 nomina
703 1255 843 1338 ,,κάδος,
872 1259 1043 1337 καδίσκος,
1073 1255 1149 1325 κάν-

106 1366 232 1442 θαρος,
268 1349 464 1442 καρχήσιον,
498 1357 653 1432 κάλτιον,
689 1358 827 1445 κελέβη,
864 1359 981 1442 κέρας,
1023 1360 1147 1444 κέρνος,

106 1459 297 1543 κισσύβιον,
336 1458 516 1544 κιβώριον,
551 1458 670 1541 κόνδυ,
698 1458 877 1539 κονύνιος,
905 1458 1061 1539 κότυλος,
1093 1485 1147 1529 κο·

107 1557 207 1646 τύλη,
238 1565 405 1647 κοτταβίς,
433 1557 630 1649 κρατάνιον,
660 1571 841 1645 κρουνεῖα,
856 1563 992 1641 κυαθίς,
1013 1564 1147 1648 κυμβία,

107 1662 287 1741 κύπελλον,
317 1658 444 1749 κύμβη,
474 1665 633 1730 κύθων.“·
668 1668 820 1732 Videmus
842 1679 960 1753 aperte,
982 1666 1148 1735 secundam

55 1819 57 1824 .
105 1770 234 1832 litteram
252 1791 387 1853 semper,
409 1770 528 1831 tertiam
548 1792 612 1831 non
625 1792 692 1832 raro
710 1773 900 1833 observatam
916 1791 992 1833 esse.
1037 1769 1147 1854 Sequi-

104 1883 153 1932 tur
177 1869 331 1954 Αάμβδα·
363 1869 548 1953 λαβρωνία.
571 1867 739 1948 λάκαιναι,
762 1871 939 1950 λετασιαί,
962 1865 1144 1954 λοιβάσιον,

104 1967 252 2055 λὲσβιον,
273 1955 468 2055 λοντῆριον,
491 1976 720 2055 λυκιουργεῖς,
736 1976 769 2035 in
788 1975 895 2058 quibus
917 1976 1018 2035 solum
1031 1965 1162 2053 iotdd?

105 2087 181 2136 σιον
201 2073 340 2156 ordinem
354 2075 455 2138 laedit.
500 2076 599 2156 Magis
614 2078 751 2138 inversus
769 2087 821 2137 est
842 2074 917 2136 ordo
940 2077 973 2136 in
987 2078 1033 2139 M.
1050 2074 1145 2157 ,Mt-

104 2179 163 2258 λη,
183 2169 432 2257 Μετάνιιιτρον,
458 2172 615 2253 Μαστὸς,
637 2175 849 2255 Medullius,
872 2171 1014 2259 Mdvpg‘t
1043 2177 1098 2239 sed
1117 2179 1145 2240 si

105 2299 145 2360 με
157 2290 187 2340 et
203 2300 250 2360 μα
263 2280 355 2340 alium
373 2281 406 2340 in
425 2282 528 2340 locum
539 2263 782 2365 transponimus,
803 2281 834 2339 in
854 2280 975 2364 reliquis
992 2280 1144 2350 secundae

103 2383 217 2443 litterae
237 2402 301 2443 non
322 2392 391 2444 sunt
416 2384 581 2460 neglectae.
634 2382 797 2444 Addamus
818 2381 903 2463 βῆτα
933 2369 1143 2463 ,,βατιάκίον,
1223 2380 1226 2385 ’

103 2486 227 2567 βῆσσα,
250 2476 422 2565 βαύκαλις,
446 2481 556 2564 βίκος,
578 2477 777 2567 βομβυλιός,
799 2475 996 2564 βρομιάδες“
1024 2485 1057 2544 in
1077 2486 1143 2568 qui-

101 2590 173 2665 bus,
201 2597 318 2672 praeter
344 2607 455 2649 rocem
482 2586 590 2668 βῆσσα
618 2587 828 2672 interpositam
855 2586 958 2646 omnia
986 2584 1141 2669 quadrant.

101 2688 244 2771 Reliqua,
266 2709 306 2748 ne
327 2688 418 2747 nimis
441 2689 537 2749 multa
555 2688 772 2772 producamus,
793 2687 1072 2772 praetermittimus3
1093 2684 1142 2747 id-

102 2810 161 2872 que
175 2808 214 2848 eo
227 2787 378 2849 lubentius
391 2788 460 2870 quia
480 2789 642 2866 nonnulla,
663 2790 690 2850 si
705 2788 744 2849 de
756 2789 881 2866 singulis
893 2787 1059 2870 loquimur,
1081 2798 1142 2846 tra-

103 2892 267 2952 ctabuntur.
310 2887 377 2950 lam
396 2909 476 2949 nunc
497 2890 596 2966 enim,
624 2901 658 2950 ut
681 2888 789 2967 cred0,
817 2888 967 2973 apparuit,
996 2890 1034 2949 ab
1055 2889 1141 2949 initio

101 3015 140 3054 ex
166 2993 246 3054 iusto
277 2989 399 3068 ordine,
436 2993 612 3076 scriptorem
641 2991 766 3052 nomina
796 3011 972 3052 enumerare
997 2992 1140 3068 voluisse,

99 3105 205 3180 postea
218 3105 319 3155 tamen
334 3092 437 3154 nescio
452 3095 560 3177 quibus
575 3091 614 3154 de
632 3095 761 3174 caussis,
781 3095 814 3154 in
827 3094 952 3174 singulis
967 3114 1023 3153 suo
1037 3092 1095 3154 sibi
1108 3093 1139 3154 in

100 3196 225 3258 consilio
239 3217 303 3263 non
315 3194 443 3256 stetisse.

181 3299 239 3359 His
252 3298 425 3382 praemissis
443 3296 482 3357 ad
493 3295 687 3381 Pamphilum
696 3295 866 3359 redeamus.
910 3294 973 3357 Sub
998 3296 1095 3355 littera
1107 3294 1141 3356 Α

100 3400 278 3484 poculorum
297 3390 438 3461 meminit
458 3397 638 3459 Athenaeus
715 3390 722 3413 ²
743 3382 865 3473 ordine,
887 3389 1050 3476 ,,άμκύλη,
1071 3394 1141 3459 αία-

100 3499 168 3577 κίς,
200 3493 337 3576 άκατος,
367 3495 492 3577 άατον,
516 3495 698 3580 άροκλον,Ι
738 3486 848 3572 Ιισον,
875 3489 1068 3579 Ἀμαλθείας
1089 3494 1139 3563 κε’-

101 3622 179 3680 ρας,
209 3593 376 3682 άμφωτις,
406 3600 563 3686 άμνστις,
594 3595 776 3682 άντιμονίς,
800 3591 964 3680 άναφαία,
984 3594 1139 3680 ἀρύβαλ-

100 3707 167 3781 λος,
188 3695 347 3784 άργυρίς“
369 3707 476 3789 quibus
490 3702 632 3765 omnibus
648 3703 680 3762 in
693 3702 819 3763 vocibus
832 3702 927 3763 iustus
942 3700 1016 3762 ordo
1034 3705 1139 3764 obser-

78 3873 82 3878 ,
98 3817 187 3870 vatus
201 3806 292 3869 estin
307 3798 440 3867 secunda
460 3805 571 3882 littera,
594 3803 710 3865 duabus
725 3803 872 3888 exceptis,
894 3795 1025 3881 „donov
1046 3817 1076 3880 et
1102 3801 1137 3866 ά-

98 3908 254 3989 ροκλον.“
297 3905 381 3969 Num
400 3908 489 3986 igitur
507 3907 540 3967 in
562 3907 610 3968 his
628 3926 762 3990 quoque,
784 3916 816 3964 ut
836 3905 924 3983 alibi,
952 3906 1019 3990 ipse
1035 3904 1137 3966 Athe-

98 4032 207 4090 naeus,
228 4007 412 4095 interpositis
425 4007 607 4069 alienoloco
620 4006 795 4070 nominibus
815 4005 954 4068 ordinem
967 4009 1138 4086 neglexisse
