2534 4644
99 445 301 530 duplicatione
312 454 498 528 compensat,
521 428 706 529 comptam-'t'
717 422 822 525 'id'qoe'
832 441 901 526 quia
913 438 994 505 πίνα
1008 463 1026 503 a
1045 444 1142 519 πῖνος

99 547 269 625 descendit,
304 558 428 631 propter
456 548 590 608 colorem
618 543 829 624 denominata,
864 541 976 606 deinde
1003 542 1142 608 Schowii

99 650 318 724 coniecturam,
341 647 438 722 πίνος
452 641 485 711 δ’
502 646 671 708 duanmodo
687 660 811 708 accentu
825 659 942 709 mutato
957 649 1053 721 πίνος
1066 648 1141 709 scri-

97 752 215 827 bimus,
239 750 326 810 unice
345 771 451 812 veram
468 770 552 811 esse:
574 748 643 832 quia
665 743 844 831 πινοτήρης
863 749 1066 810 masculinum
1090 751 1141 811 ni-

98 849 158 926 νος
184 853 315 936 requiiit.
358 852 513 915 Accentus
534 861 652 924 autem,
676 862 768 933 quent
788 850 860 913 alihi
880 851 1033 930 negligere
1053 852 1140 912 nefas

100 966 195 1033 esset,
217 956 359 1016 hocloco
381 977 439 1018 nos
460 977 525 1016 non
547 949 691 1029 offendit,
714 951 783 1036 quia
802 953 889 1016 brevi
909 963 979 1033 ante
999 972 1056 1013 suo
1070 954 1140 1013 loco

99 1056 196 1132 πίνος
208 1078 263 1142 pro
277 1060 372 1132 πῖνος
392 1057 537 1142 scriptum
557 1053 678 1133 legituc3
700 1064 732 1115 et
744 1053 884 1116 universe
907 1053 946 1116 de
959 1075 998 1116 eo
1012 1054 1142 1134 ambigi-

99 1171 154 1221 tun
192 1162 244 1221 csr.
266 1156 397 1220 Alberti.
414 1159 454 1220 ad
467 1152 642 1237 Hesychl.
663 1176 694 1240 p.
709 1150 973 1233 452.‚'·t1birecte
993 1154 1141 1238 Hesychii

100 1261 199 1323 codex
219 1263 315 1335 πίνος
337 1259 436 1338 dedit,
465 1271 496 1320 et
509 1257 549 1319 ad
563 1256 602 1319 Π.
616 1278 646 1343 p.
662 1261 735 1322 962.
765 1254 968 1319 Schneiderus
989 1259 1022 1319 in
1042 1258 1140 1321 lexico

99 1385 124 1426 s.
138 1384 169 1425 v.
197 1360 355 1424 Bekkerus
369 1362 402 1421 in
415 1344 558 1423 Anecdci.
574 1356 639 1422 Gn.
654 1358 678 1422 Ι.
694 1380 724 1445 p.
739 1362 791 1436 22,
807 1362 856 1422 11.
878 1361 975 1435 πίνος
993 1371 1073 1422 recte
1086 1358 1141 1421 de-

100 1464 217 1526 derunt.
262 1462 380 1525 Cursim
400 1482 530 1541 moneo,
552 1464 584 1524 in
604 1461 818 1544 Etymologico
832 1460 947 1540 Magno
964 1484 995 1547 p.
1011 1461 1089 1539 395,
1111 1460 1140 1524 4.

101 1564 229 1651 foedum
243 1565 351 1628 vitium
371 1565 525 1648 hucusque
540 1564 679 1626 omnium
691 1565 797 1625 oculos
817 1563 976 1642 effugisse,
998 1564 1051 1624 ubi
1065 1564 1142 1623 haee

100 1669 239 1745 leguntur
259 1659 445 1748 ,,Εύπινη’ς·
473 1660 614 1748 sistitis·
643 1663 739 1739 πίνος
758 1659 824 1746 poio
841 1661 879 1731 co*
893 1659 1020 1744 ύύοορ.“
1062 1663 1143 1727 Nam

102 1767 280 1849 Sylhurgius
293 1771 400 1830 frustra
416 1788 482 1829 rem
495 1769 592 1848 tetigit
612 1760 760 1848 ,μύειύης
780 1767 853 1831 feni
865 1778 980 1853 potest,
1003 1765 1058 1828 sed
1071 1778 1153 1852 pot-¹

101 1881 147 1932 est
160 1870 252 1931 eliam
270 1870 331 1948 legi
344 1862 466 1951 εύῦδης
483 1881 605 1956 propter
618 1870 827 1949 aetiologiam,
850 1892 927 1955 quae
941 1871 1088 1955 sequitur,
1111 1881 1144 1931 ut

102 1973 140 2033 sit
152 1974 248 2033 bellas
262 1993 354 2055 aquas
366 1974 504 2034 tenens.“
545 1971 802 2034 Mendetionem
815 1993 880 2032 non
894 1970 946 2033 diu
961 1973 1141 2057 quaesitum,

103 2072 247 2155 quoniam
267 2072 300 2131 in
312 2071 447 2153 Etymol.
463 2069 543 2135 Gud.
558 2075 636 2136 haec
649 2076 787 2152 leguntur
807 2064 979 2154 ,,εύπινὴς·
1000 2067 1143 2153 εὐειδής·

103 2174 199 2246 πίνος
210 2169 273 2254 γὰρ
292 2168 331 2236 τὸ
353 2166 462 2249 είύοςιι
484 2176 592 2258 quibus
613 2176 646 2236 in
667 2176 769 2239 verbis
784 2175 888 2235 omnia
906 2174 1084 2250 cohaerent,
1107 2192 1142 2233 ac
1248 2215 1251 2218 ,

103 2273 194 2335 simul
214 2287 354 2338 accentus
376 2277 538 2356 corrigitur.
595 2276 736 2341 Getemm
758 2274 798 2336 de
816 2273 969 2359 Pamphili
988 2273 1144 2357 opinione,

103 2377 142 2437 ab
162 2374 327 2439 Athenaeo
348 2378 471 2458 hadita,
494 2378 567 2464 quid
589 2378 690 2443 dicam
710 2400 775 2441 non
792 2378 903 2441 habeo.
946 2374 1052 2437 Paullo
1074 2385 1146 2460 post

104 2498 173 2539 eam
195 2479 304 2541 iterum
326 2483 422 2562 tetigit
451 2479 554 2565 ,,φασί
577 2477 612 2546 ol
632 2486 717 2558 τινές
740 2476 795 2545 καί
814 2478 1039 2561 nomentanos
1059 2470 1145 2540 αὐτὰ

105 2572 219 2655 αὐτοῖς
239 2578 296 2645 καί
307 2577 353 2658 ως
374 2577 418 2646 οἲν
439 2580 472 2662 ἐξ
487 2579 561 2661 evoe
579 2580 763 2666 σπέρματος
781 2581 961 2664 γίνεσθαι.ιι
1002 2579 1085 2641 Inter
1098 2577 1146 2639 di-

103 2703 206 2744 versas
227 2685 407 2760 sententias,
428 2706 505 2768 quae
525 2686 725 2747 ascholiastis
745 2682 785 2744 ad
803 2681 859 2744 Aa.
877 2681 1037 2767 Vespasu.
1056 2680 1146 2743 1501.
1181 2709 1183 2712 ·

104 2785 309 2866 prosenmtur,
338 2805 376 2844 ea
397 2807 517 2869 quoque
539 2797 676 2870 apparet,
706 2804 798 2869 quam
818 2782 978 2867 Pamphilo
998 2780 1147 2866 placuisse

104 2881 285 2947 Athenaeus
310 2885 418 2946 retulit.
463 2889 557 2947 confr.
585 2908 663 2971 quae
684 2885 870 2967 Anonymus
901 2881 1093 2945 doctissimus
1114 2880 1147 2940 in

104 2982 245 3048 Animm.
261 2984 301 3047 ad
314 2985 417 3068 Etym.
432 2986 477 3049 M.
493 2991 659 3068 congessit,
680 3013 711 3077 p.
728 2991 819 3053 1008.
834 2986 884 3050 ed.
899 2985 996 3049 Sturz.
1020 3022 1059 3031 —-

123 3083 128 3093 “
188 3085 305 3150 Athen.
323 3087 384 3166 111,
406 3111 436 3173 p.
462 3094 538 3167 121,
561 3092 591 3152 b.
614 3089 679 3168 „Ol
694 3086 730 3155 ot
747 3085 920 3173 λεγόμενοι
933 3081 1146 3172 μελανδρύαι,

106 3178 155 3252 olo
183 3187 239 3254 οιαὶ
265 3185 462 3273 ,Ἐπίχαρμος
491 3187 706 3274 μνημονεύει,
733 3189 769 3256 ἐν
790 3185 972 3273 Αὐτομόλῳ
996 3181 1150 3250 Ὀδυσσεῖ

107 3287 228 3367 οὕτως·
258 3286 493 3374 Ποιιφόριμον
512 3288 711 3376 τύιέμαχος
739 3283 783 3377 ἦν
803 3287 840 3357 ού
864 3285 1150 3369 ὑπομελανδρυῶ-

108 3392 177 3468 δες·
204 3389 390 3475 puteoleos
417 3391 453 3459 δὲ
480 3397 549 3458 οων
576 3396 738 3478 μεγίστων
764 3389 903 3459 θύννων
934 3384 1022 3466 elios
1050 3387 1147 3464 ἐστιν,

108 3488 154 3571 otc
176 3489 352 3578 Πάμφιλος
373 3494 409 3562 ἐν
421 3500 468 3587 τῷ
485 3496 561 3580 περί
578 3494 772 3581 Ὀνομάτων
787 3494 980 3577 παρίστησι·
1004 3488 1060 3557 καὶ
1081 3486 1149 3554 ἔστι

108 3591 149 3660 τοὶ
170 3593 290 3680 τεμάχη
312 3593 416 3664 οιύοού
436 3595 684 3681 λιπαρύοερα“.
727 3600 790 3662 Res
810 3600 876 3684 ipsa
894 3600 1003 3659 frustra
1022 3596 1056 3655 in
1083 3594 1149 3659 He·

108 3700 256 3780 sychiano
273 3702 372 3762 lexico
388 3706 545 3787 quaeritur.
589 3703 723 3790 Repperi
736 3702 908 3788 sequentia:
931 3693 1150 3777 ,ξῬπομαλαν-

109 3801 270 3882 ύρνῶδες·
294 3795 383 3880 chloe
403 3827 436 3869 τι
455 3803 620 3888 εαρίηονίί
642 3809 695 3870 ubi
719 3805 837 3869 Albert.
851 3815 931 3866 recte
951 3820 1009 3878 „an
1028 3791 1149 3877 ύπομε-

108 3904 349 3987 λανύςνοόύες.“
392 3906 473 3970 Dein
496 3905 634 3982 „Milev
659 3903 778 3989 δρυός·
810 3900 833 3991 ἡ
856 3902 891 3970 ἐν
912 3905 980 3975 τοῖς
1001 3894 1151 3993 δί”ὄθθίέ

110 4005 252 4096 ύασύιης
272 4006 330 4076 ἰιαί
352 4004 374 4092 ἡ
394 4011 462 4075 τῶν
485 4005 593 4089 ξύλων
613 4008 809 4096 ίνοεροοίνη“
837 4002 907 4087 „To
930 3997 1147 4087 μείᾶνόρϋθε·

249 4143 251 4147 ’
920 4114 942 4171 6
