2534 4644
169 259 191 319 ‘l

169 423 221 510 qui
233 433 313 485 arcte
328 441 397 485 cum
409 420 460 485 his
474 416 681 513 coniungffldi
694 430 780 501 sunt,
796 417 843 482 ⁴de
862 417 1092 506 lexicographis.
1136 418 1219 482 Nam

169 525 197 588 si
216 525 307 586 ceteri
337 523 496 608 scriptores
518 516 721 589 famae-{mae
741 520 967 603 magnitudine,
995 522 1219 607 nominumque

168 624 330 712 splendore
354 623 544 686 acutissimos
565 624 706 688 homines
726 625 902 703 incitarunt,
922 634 958 685 ut
972 644 1094 686 summo
1115 623 1218 686 studio

169 727 306 790 adhibito
322 747 376 789 eos
391 726 511 812 penitus
524 747 722 806 cognoscere,
743 727 869 792 virtutes
889 747 996 789 eorum
1019 737 1050 788 ct
1065 726 1139 791 vitia
1163 749 1219 788 ex-

168 831 295 915 plicare,
317 826 497 891 adumbrare
518 825 650 912 denique
673 829 767 890 animi
788 827 929 909 indolem
937 828 974 901 ‚et
990 839 1131 890 natumm
1143 851 1219 914 pro-

53 940 67 965 *
169 941 326 1016 perorent:
347 932 460 992 horum
478 930 613 992 maxima
633 951 717 1016 pars,
740 941 803 992 arte
824 951 879 992 sua
900 940 933 993 et
947 931 1139 1016 professione
1157 931 1219 991 mi-

170 1034 254 1095 nime
264 1034 438 1111 illustrium,
460 1035 637 1118 plerumque
658 1043 829 1117 contempta
849 1031 957 1110 iacuit,
980 1044 1010 1094 et
1024 1033 1078 1096 vix
1090 1035 1219 1094 nomine

171 1145 259 1213 tepus
279 1145 352 1196 nota
377 1137 444 1198 fuir.
493 1135 563 1197 Non
585 1143 647 1211 est,
677 1134 729 1218 qui
747 1136 842 1195 libros
867 1155 974 1194 eorum
999 1131 1086 1218 parvi
1110 1134 1217 1212 faciat,

99 1308 103 1321 Ι
171 1244 293 1297 utuntur
313 1257 421 1299 omnes
442 1237 589 1300 thesaun's
611 1255 719 1297 eorum
740 1233 877 1296 doctrina
898 1235 1047 1314 collectis;
1076 1234 1218 1295 meritam

24 1384 27 1391 -
48 1320 51 1325 Ι
73 1320 140 1419 ''f-5-
172 1349 275 1401 autem
289 1340 414 1419 singulis
432 1340 600 1425 quibusque
618 1338 744 1416 gratiam
754 1339 867 1400 habere
879 1357 971 1398 nemo
984 1335 1098 1413 voluit,
1120 1356 1215 1396 nemo

25 1448 28 1453 '
65 1474 83 1505 ·.
171 1441 326 1521 rogitavit.
375 1439 482 1504 Restat
505 1440 595 1504 nobis
616 1462 678 1501 non
702 1461 795 1525 parva
814 1441 1001 1502 scholiorum
1022 1437 1124 1521 copia.
1147 1435 1215 1497 Sci-

173 1565 243 1605 mus
261 1563 296 1604 ea
318 1563 336 1604 a
350 1542 563 1603 recentioribus
578 1542 755 1626 plerumque
774 1563 841 1604 esse
854 1563 893 1603 ex
905 1539 1122 1625 antiquioribus
1132 1537 1217 1598 libris

173 1653 312 1727 excerpta
320 1664 337 1722 ς·
351 1664 450 1727 neque
462 1654 566 1704 tamen
581 1663 739 1720 cavemus,
762 1667 801 1706 ne
819 1645 987 1728 antiquiora
999 1638 1218 1704 recentioribus

160 1743 542 1833 admixtaexhibeamus,
570 1767 651 1809 neve
674 1747 756 1806 bona
779 1766 848 1805 cum
869 1745 958 1805 malis
981 1742 1072 1804 simul
1093 1738 1218 1801 abiicia-

173 1866 261 1921 mus,¹
278 1855 330 1904 aut
341 1846 422 1905 mala
433 1866 506 1906 curn
525 1846 615 1908 bonis
630 1847 794 1907 vconiuncta
807 1846 839 1906 in
853 1867 943 1907 usum
960 1853 1124 1908 vertamus.
1166 1838 1218 1901 Ac

174 1967 283 2030 saepe,
312 1946 373 2007 ubi.
383 1967 449 2006 non
480 1944 603 2009 difficile
631 1959 694 2011 erat
719 1948 906 2027 singulorum
935 1944 1104 2007 discernere
1128 1941 1218 2022 dicta,

176 2046 273 2109 detuit
285 2045 470 2109 eruditorum
484 2050 648 2112 curiositas.
677 2048 905 2131 Antesignanus
918 2047 1030 2108 exstitit
1042 2043 1124 2107 Frid.
1132 2041 1216 2124 Aug.

175 2150 327 2227 Wolfius,
349 2150 400 2233 qui
417 2171 539 2215 summa
558 2172 628 2214 cura
645 2161 683 2214 et
700 2149 869 2231 diligentia,
890 2171 948 2212 nec
967 2148 1087 2210 minore
1103 2147 1218 2226 ingenii

175 2253 354 2332 sagacitate,
372 2274 440 2315 rem
457 2274 614 2333 aggressus
629 2263 690 2332 est,
713 2264 744 2315 et
757 2256 869 2315 multos
883 2250 1012 2313 Homeri
1033 2260 1217 2311 enarratores

173 2354 208 2415 in
223 2354 319 2417 vitam
333 2354 484 2417 ert-breem
501 2353 628 2415 reduxit.
672 2352 741 2415 Non
756 2365 803 2416 est
824 2354 927 2433 igitur,
950 2349 1032 2436 quod
1049 2374 1113 2414 non
1125 2351 1217 2414 nobi-

168 2455 292 2517 litatum
299 2454 371 2516 satis
381 2456 442 2516 hoc
456 2476 567 2518 munus
583 2477 650 2517 esse
658 2476 845 2517 censeamus.
867 2450 964 2539 Atqui
977 2456 1066 2516 multi
1078 2467 1156 2534 sunt,
1165 2455 1217 2539 qui

80 2614 83 2619 .
175 2578 280 2642 parem
291 2558 350 2620 sibi
362 2559 516 2641 postulant
529 2557 731 2637 diligentiam,
752 2557 841 2619 multi
854 2579 983 2642 quorum
994 2557 1115 2638 merita,
1136 2569 1217 2620 tem-

169 2680 285 2744 porum
305 2658 413 2720 iniuria
435 2662 608 2736 obscurata,
638 2657 739 2739 detegi
764 2668 794 2720 et
813 2661 922 2745 aperiri
943 2660 1065 2724 debent.
1114 2658 1216 2722 Adiu-

175 2773 278 2823 menta
294 2772 412 2838 autem,
434 2762 534 2846 qualia
554 2762 606 2823 illa
620 2763 736 2825 scholia
749 2761 870 2824 Veneta
885 2774 983 2842 erant,
1006 2785 1083 2848 quae
1094 2763 1216 2832 Wolfio

174 2875 288 2925 rectam
302 2862 342 2924 ad
353 2864 512 2926 veritatem
524 2865 608 2926 viam
622 2862 824 2942 ostendenmt,
847 2875 878 2927 et
888 2865 951 2927 iam
964 2888 1044 2927 nunc
1059 2877 1177 2929 exstant
1186 2877 1217 2927 et

176 2966 292 3027 maiore
307 2965 394 3048 copia
413 2969 477 3026 fere
498 2987 681 3049 unoquoque
701 2988 782 3028 anno
802 2970 1001 3051 profemntur.
1042 2965 1160 3026 Eadem
1175 2965 1215 3024 de

168 3065 395 3149 -lexicographis
415 3065 493 3128 dicta
515 3078 615 3130 sunto.
665 3065 744 3146 Quis
773 3069 856 3129 enim
877 3077 923 3128 est
941 3067 1133 3145 nostratium,
1163 3067 1214 3150 qui

177 3165 217 3228 de
238 3165 348 3244 Suida,
377 3168 500 3251 eiusque
521 3190 634 3248 magno
655 3171 771 3248 lexico,
799 3168 851 3252 qui
874 3165 914 3228 de
933 3164 1215 3247 Etymologicorum

168 3269 362 3345 auctoribus,
395 3270 520 3354 aliisque
539 3274 641 3334 multis
669 3272 703 3334 id
731 3291 826 3353 genus
852 3267 1027 3329 hominibus
1051 3267 1215 3354 disquirere

174 3372 339 3434 accuratius
354 3372 507 3455 coeperit?
530 3373 612 3455 quis,
634 3372 685 3457 oui¹
700 3374 797 3441 multa
812 3391 909 3454 eaque
925 3367 1010 3428 utilia
1031 3380 1061 3431 et
1079 3392 1152 3434 vera
1175 3368 1215 3433 de

173 3475 285 3535 horum
305 3473 451 3534 librorum
478 3472 631 3535 condendi
648 3472 788 3561 istique,
821 3471 860 3533 de
891 3491 1055 3554 eorumque
1078 3474 1214 3536 fontibus

173 3585 290 3661 reperta
304 3572 493 3640 debeamus?
516 3574 641 3661 Singula
652 3570 829 3659 dbflngubs
847 3573 1006 3651 ingeniose
1028 3585 1058 3636 et
1079 3574 1119 3637 ad
1132 3576 1215 3641 veri-

171 3687 266 3739 tatem
280 3677 511 3740 accommodate
524 3676 603 3740 dicta
614 3658 780 3738 haterius:
802 3675 835 3735 in
846 3685 910 3736 tam
922 3678 1116 3760 {requentatis
1131 3677 1214 3740 enim

171 3780 355 3864 antiquitatis
369 3778 492 3857 studiis,
515 3776 590 3839 dum
610 3779 686 3840 alius
708 3779 799 3867 aliam
815 3778 979 3840 litterarum
989 3790 1107 3864 partem
1122 3800 1214 3841 occu-

170 3891 238 3966 pat,
260 3884 396 3958 fuerunt,
418 3880 541 3964 quibos
563 3900 684 3965 quoque
703 3881 861 3965 scriptores
877 3892 1049 3962 tangerent,
1072 3893 1103 3943 et
1116 3883 1215 3944 obiter

170 3984 315 4046 nonnulla
333 3981 449 4067 optime
468 3992 643 4048 monerent:
680 3979 734 4043 sed
763 3984 927 4068 peculiares
957 3983 1156 4075 quaestiones¹
1172 3980 1213 4046 de
