2534 4644
1093 297 1143 377 sa

100 457 203 549 quidni
218 461 385 545 Dionysiam
400 461 532 547 potuit,¹
543 457 702 524 occasione
721 455 804 537 data,
827 457 920 524 Siculi
940 483 1061 548 quoque
1073 487 1144 529 cer.-

99 568 219 630 taminis
241 559 429 646 ,,Ἑημοιῖο“
452 563 524 625 dicti
536 561 726 624 mentionem
742 561 887 626 iniicere?
910 560 965 626 An
985 567 1067 635 aliud
1078 591 1138 630 no-

99 690 172 732 meu
184 678 231 730 est
251 665 479 751 reponendum,
498 675 532 726 ut
547 661 714 747 Elpidiani,
737 664 821 725 cuius
843 665 954 727 librum
969 664 1046 746 περὶ
1067 664 1138 750 iou·

98 771 166 834 zoio
186 767 318 831 Ioannes
334 765 438 847 Lydus
458 765 520 844 IV,
541 788 572 850 p.
587 765 637 829 59.
652 763 809 830 laudavit?
842 766 899 828 His
912 763 1022 830 similia
1039 770 1146 848 igitur,¹

100 892 164 932 non
181 889 249 931 raro
273 871 368 945 facta,
390 868 428 929 iis
450 887 571 952 quoque
589 864 761 928 acciderunt
781 867 924 944 sortasse,
950 890 1026 953 quos
1050 883 1139 953 antea

100 983 190 1033 testes
207 969 346 1055 produxi.
382 966 520 1036 ‚Accedit
542 980 645 1030 autem
664 968 825 1035 nominum
844 966 993 1048 Diogenis
1012 982 1042 1033 et
1059 971 1138 1036 Dio-

101 1072 221 1152 geniani
234 1071 440 1133 commutatio.
477 1069 565 1140 ,Nam
583 1082 618 1130 ut
635 1067 823 1132 ostendimus
836 1081 941 1148 autea,
958 1072 995 1146 ,in
1008 1071 1138 1154 Erymo,

100 1174 198 1253 logico
211 1171 341 1251 Magno,
363 1171 460 1234 modo
480 1170 519 1232 de
537 1170 695 1250 Diogene,
715 1168 811 1241 modo
834 1169 873 1232 de
885 1170 1077 1253 Diogeniano
1091 1177 1139 1238 di-

101 1275 187 1354 citur3
208 1275 251 1335 ita
270 1271 352 1358 apud
373 1272 501 1334 Suidam
521 1294 546 1334 s.
567 1294 597 1334 v.
617 1270 779 1354 Διογένης
802 1271 930 1348 legimus
952 1321 970 1352 „
978 1272 1140 1360 Διογένης

100 1368 376 1459 ἢΔιογενιιοινός
397 1369 581 1454 Κυζικηνὸς
600 1365 842 1455 γοιιμιιιιιιιιόςιι
863 1383 895 1435 et
911 1394 961 1460 ap.
984 1375 1138 1456 Tzetzam,

101 1480 153 1562 qui
172 1477 293 1559 reliquis
313 1474 454 1535 omnibus
475 1469 636 1556 Διογένης
657 1470 816 1553 Auiones
842 1474 939 1554 audit,
968 1480 1140 1559 Διογενιοι·

101 1575 162 1654 νός
191 1579 371 1663 appellatur,
407 1578 459 1637 cfr.
479 1574 601 1655 lllenag.
629 1574 669 1638 ad
694 1575 788 1656 Diog.
809 1577 906 1639 Laert.
931 1577 962 1657 Ι,
993 1586 1020 1644 1.
1064 1581 1142 1659 ¹Erat

101 1692 272 1767 praeterea,
301 1698 394 1762 quum
422 1677 618 1755 conficerem,
652 1677 780 1742 Suidam
803 1680 848 1742 ibi
861 1701 996 1764 quoque,
1021 1683 1073 1744 ubi
1102 1682 1142 1754 dfe

102 1793 204 1849 nostro
217 1781 356 1865 loquitur,
374 1780 529 1865 scripsisse
550 1774 732 1862 „Among
744 1775 767 1864 ἢ
778 1775 1041 1862 Διογενιιιινός.“
1061 1783 1142 1848 Nam

102 1906 195 1970 quum
216 1881 344 1961 Suidas,
370 1893 405 1943 ut
424 1883 578 1961 cognitum
600 1892 662 1960 est,
686 1895 822 1946 accurate
842 1885 1007 1946 litteramm
1031 1887 1142 1949 seriem

101 1997 257 2071 sequatur:
281 2006 346 2045 non
357 1984 456 2068 potuit
469 1985 511 2045 ita
523 2005 616 2047 voces
632 1985 663 2045 in
682 1984 821 2049 ordinem
840 1985 975 2066 digerere
1002 1985 1143 2069 ,,Διογέ·

102 2105 178 2167 νης·
221 2078 459 2165 ιύγινέοιαιος.
481 2097 486 2105 ’
517 2081 770 2165 Διογενειανός,
803 2085 971 2169 Διογένης.
1022 2088 1143 2167 Tamen

103 2186 225 2249 Bestius
238 2185 439 2251 coniecturam
458 2187 551 2246 talem
569 2189 724 2271 repressit,
747 2189 798 2271 qui
812 2210 852 2250 ex
867 2187 971 2249 codice
982 2188 1144 2273 Pari-siensi¹

103 2280 299 2368 ῃΔιογενὲς·
322 2277 552 2364 εὐγενέστατον
561 2288 579 2319 “
607 2289 751 2351 enotavit.
797 2285 860 2348 Sed
878 2288 920 2349 ita
942 2310 1061 2373 quoque
1081 2311 1144 2350 non

103 2389 270 2457 necessaria
284 2388 340 2449 erit
355 2386 464 2449 Kiddii
481 2388 626 2465 mutatio,
650 2389 701 2473 qui
721 2389 923 2467 lenissimam,
945 2401 979 2450 ut
998 2391 1056 2468 ait,
1076 2411 1168 2451 me-.

104 2491 205 2561 delam
218 2488 413 2553 admovendo
430 2485 648 2571 Διογενιανός
666 2491 793 2553 restituit
813 2490 853 2552 ad
864 2491 1095 2569 Ruhnkeniana,
1111 2512 1143 2576 p,

104 2598 175 2658 203.
190 2590 239 2654 ed.
255 2591 406 2653 Friedem.
449 2593 570 2656 Heinsii
589 2605 691 2655 autem
712 2614 809 2670 error,
831 2594 883 2677 qui
896 2593 1052 2655 Hicesium
1065 2591 1145 2662 Dio-

106 2716 215 2773 genem
238 2694 281 2754 ibi
301 2693 480 2776 ponendum
503 2717 571 2759 esse
591 2704 761 2772 censuerat,
782 2716 846 2755 non
865 2697 932 2756 solo
954 2705 1001 2756 est
1014 2716 1056 2759 ,ex
1069 2693 1146 2774 Ery,-

105 2795 258 2871 mologico
271 2793 502 2876 sumptus‚,sed
521 2816 561 2856 ex
574 2794 668 2857 Suida
684 2796 789 2871 etiam,
812 2795 863 2876 qui
875 2794 1066 2872 Diogenem,
1088 2795 1146 2863 Hi,-

107 2896 179 2958 cesii
188 2895 294 2972 lilium,
313 2896 409 2972 novit,
430 2897 482 2956 cfr.
500 2893 592 2974 Diog.
608 2893 705 2956 Laert.
718 2893 774 2973 VI,
796 2900 847 2959 20.
891 2894 982 2955 Haud
994 2894 1146 2966 immerito

105 2999 209 3078 igitur,
226 2997 304 3064 ¹Jvitia
314 2995 466 3059 interdum
480 3019 547 3060 esse
564 2998 597 3060 in
618 2995 770 3058 laudando
783 2995 966 3076 Diogeniani
979 2998 1077 3059 lexico
1090 2994 1148 3066 ad-

104 3101 212 3177 missa,
243 3098 438 3183 suspicamur.
488 3099 740 3166 Haecuniverse
766 3096 845 3161 dicta
874 3120 954 3160 nunc
978 3099 1146 3177 sufficiant3

105 3197 296 3263 redeundum
307 3211 353 3261 est
366 3200 405 3261 ad
417 3202 614 3283 Hesychium.
1125 3184 1129 3192 ’

189 3300 240 3363 Αο
259 3302 392 3386 primum
415 3301 551 3386 quidem,
579 3304 723 3387 quoniam
747 3306 780 3366 in
801 3303 941 3365 omnibus
961 3298 1149 3380 Hesychiani

107 3403 196 3466 lexici
223 3405 357 3487 partibus
383 3401 610 3482 Diogenianeas
639 3408 754 3485 glossas
780 3403 967 3478 invenimus,
1000 3401 1072 3484 quin
1096 3401 1148 3460 ille

108 3505 212 3566 omnia
229 3507 357 3567 voluerit
376 3504 562 3585 describere,
584 3529 648 3569 non
665 3505 865 3570 dubitandum
888 3515 942 3566 est.
983 3501 1148 3564 Iniustissi-

108 3627 195 3668 mum
217 3616 318 3666 autem
336 3609 415 3669 foret
431 3608 561 3686 facinus,
585 3609 611 3670 si
623 3620 797 3694 propterea,
819 3604 901 3693 quod
918 3606 1077 3665 nonnullas
1090 3622 1149 3665 vo-

111 3729 160 3769 ces
178 3708 401 3792 praetermissas
419 3732 486 3774 esse
504 3710 652 3790 vidimus,
678 3710 768 3773 lexici
793 3706 981 3769 conditorem
999 3701 1150 3766 mendacii

108 3807 282 3892 fraudisque
298 3829 435 3872 accusare
453 3815 611 3876 vellemus.
654 3809 739 3891 Quid
760 3811 870 3890 igitur?
894 3828 969 3870 num
989 3806 1053 3867 iam
1069 3803 1149 3865 Dio-

110 3911 231 3991 geniani
251 3929 340 3971 causa
362 3909 401 3972 ad
422 3915 574 3998 epitomen
596 3914 685 3976 lexici
701 3910 902 3994 Hesychiani,
925 3910 963 3969 ab
985 3906 1052 3967 aliis
1071 3901 1151 3964 divi-

111 4024 226 4092 natam,
262 4015 423 4092 confugere
451 4015 606 4094 cogimur?
639 4015 791 4101 Equidem
824 4012 882 4075 nisi
911 4009 1030 4088 egregie
1054 4007 1151 4081 fallor,

923 4116 945 4175 4
