2534 4644
163 456 206 497 no
220 432 260 497 ad
273 431 406 514 maiora,
434 454 491 496 nec
512 453 529 496 a
550 455 704 523 quoquam
727 434 882 525 hucusque
896 433 1054 522 explicata.
1096 433 1216 498 Narra-

163 546 211 598 tur
233 535 316 597 enim
338 537 376 600 ab
397 536 569 616 Hesychio‚
591 537 818 618 Diogeniarrum
840 559 987 618 magnum
999 536 1124 599 lexicon
1138 536 1217 600 scri-

164 639 274 724 psisse,
305 639 484 725 titulumque
504 641 588 703 libris
608 640 733 719 singulis
753 641 953 727 imposuisse:
989 634 1217 720 Περιεργοπέ-

165 760 273 824 νητες,
296 761 372 824 quae
391 762 454 804 vox
475 743 505 803 in
528 744 611 803 nullo
631 743 691 802 alio
714 743 791 804 libro
813 744 966 829 reperitur.
1008 739 1074 801 En!
1097 741 1216 803 miram

165 842 246 929 apud
259 845 340 904 hunc
354 865 474 927 quoque
487 843 688 929 inscriptionis
705 846 895 922 felicitatem,
918 865 1010 928 quam
1027 842 1121 905 Plinii
1138 841 1216 906 Gel-

164 948 256 1032 liique
276 946 423 1031 exemplis
446 945 557 1008 addere
576 968 761 1032 posennus„
790 946 960 1010 Videamus
983 956 1104 1022 autem,
1137 953 1215 1030 qua'-

164 1051 227 1110 lem
247 1049 476 1133 lexicographus
497 1069 621 1126 graecae
641 1050 726 1113 vocis
747 1051 870 1134 eiusque
889 1043 998 1112 novitii
1023 1044 1215 1110 Graecarum

68 1191 75 1202 ι
164 1149 323 1213 Musarum
343 1151 442 1236 open's
462 1151 655 1234 interpretem
672 1174 740 1216 sese
760 1152 893 1233 gesserit
945 1143 1088 1230 ,feretro
1113 1144 1214 1230 γᾶρ,“

164 1253 220 1331 ait,
251 1245 380 1346 „olpac'
406 1247 452 1337 μὴ
472 1246 589 1336 μόνοις
608 1248 712 1336 [τοῖς]
735 1252 919 1330 πλουσίοις,
949 1247 1032 1318 ἀλλὰ
1058 1250 1215 1332 καὶτοῖς

164 1352 283 1439 πένησι
308 1356 376 1419 ταῖν
403 1348 594 1437 ἀνθρώπων
621 1352 851 1441 χρησιμεύσειν
876 1353 989 1420 τεκαὶ
1018 1351 1090 1421 ἀντὶ
1116 1359 1216 1425 σιδα-

166 1454 299 1525 σκάῖων
328 1453 479 1540 ἀρκέσειν
501 1450 601 1536 αὐτὰ,
639 1455 668 1520 εῖ
688 1453 796 1540 μόνον
821 1453 1216 1541 περιεργασάμενοι

165 1555 373 1645 πανταχόθεν
395 1552 546 1639 ἀνευρεῖν
566 1559 672 1623 ταῦτα
692 1559 867 1643 δυνηθεῖεν
887 1558 941 1624 καὶ
963 1555 1135 1643 ἐγκρατεῖς
1155 1557 1215 1628 ud-

165 1666 232 1727 τῶν
253 1657 436 1747 periodon-‘⁴
491 1662 576 1722 Haec
596 1665 690 1725 verba
716 1662 951 1747 quotiescunque
970 1664 1055 1742 lego,
1087 1684 1219 1750 semper

165 1764 259 1827 redeo
272 1765 422 1827 incertior.
466 1761 551 1842 Quid
565 1764 649 1825 enim
660 1765 719 1830 sibi
732 1766 798 1828 vult
810 1766 930 1830 homo?
963 1762 1129 1842 Quaenam
1141 1781 1219 1830 sunt

165 1867 231 1946 illa,
254 1889 331 1953 quae
343 1868 489 1952 reperire,
514 1879 544 1928 et
558 1888 686 1951 quorum
707 1877 864 1953 compotes
879 1867 945 1928 fieri
956 1888 1048 1951 posse
1059 1887 1218 1954 pauperes

164 1971 292 2035 censet?
334 1967 424 2048 Quae
440 1980 486 2033 est
499 1970 584 2031 notio
599 1971 694 2032 verbo
708 1965 977 2050 περιεργάζεσθαι
993 1971 1032 2030 ab
1050 1970 1218 2051 Hesychia

164 2073 216 2135 lric
230 2072 387 2137 subiecta?
429 2070 589 2134 Adeamus
608 2072 697 2150 igitur
709 2068 886 2148 Alberttun,
908 2083 1110 2157 petamusque
1122 2077 1219 2138 auxi-

165 2175 206 2237 lia
226 2177 264 2238 ab
290 2175 343 2236 illo
371 2185 482 2258 parata.
548 2173 655 2236 Latine
680 2171 813 2236 reddidit
838 2173 990 2259 scriptoris
1008 2185 1148 2238 mentem
1171 2180 1219 2242 ita

165 2276 268 2362 „quod
280 2277 473 2354 existimaret,
487 2297 552 2336 non
564 2274 708 2338 divitibus
720 2275 802 2354 solis,
817 2273 873 2338 sed
885 2286 917 2337 et
922 2273 1133 2362 pauperibus
1148 2281 1219 2343 ho-

165 2380 298 2440 minibus
310 2379 506 2440 inservituros
527 2399 597 2455 eos,
620 2388 651 2438 et
662 2389 891 2464 praeceptorum
911 2379 979 2440 vice
994 2381 1112 2440 futinus
1124 2384 1218 2463 satis,

166 2479 241 2541 dum
254 2477 350 2540 modo
367 2478 494 2542 curiose
507 2501 561 2542 eos
572 2479 706 2566 undique
720 2479 922 2567 conquisitor
935 2481 1072 2566 reperire,
1084 2504 1217 2550 eorum.

165 2603 224 2667 que
245 2592 402 2666 compotes
421 2581 487 2642 lieri
504 2583 659 2667 possent.“
705 2584 816 2646 Turrita
835 2582 925 2663 igitur
942 2595 974 2645 et
987 2578 1100 2652 αὐταῖν
1116 2586 1158 2648 ad
1175 2591 1217 2653 li-

165 2685 237 2746 bros
250 2684 334 2769 ipsos
346 2685 450 2764 traxit3
472 2707 549 2769 quos
568 2684 594 2748 si
607 2683 740 2770 undique
764 2688 943 2771 conquirunt
954 2709 1100 2773 pauperes
1116 2701 1148 2752 et
1161 2714 1216 2755 re-

165 2786 297 2872 periunt,
320 2787 405 2849 nullo
416 2786 554 2867 indigent
564 2800 767 2873 praeceptore.
791 2834 793 2839 s
811 2786 857 2850 At
866 2789 969 2874 quaeri
979 2802 1081 2876 potest
1094 2790 1133 2853 de
1148 2816 1217 2856 no-

164 2888 249 2950 tione
263 2889 349 2951 vocis
365 2885 652 2973 περιεργάζεσθαι,
673 2888 856 2975 conquirere,
877 2892 930 2954 ubi
943 2892 1128 2978 reperiatur?
1149 2916 1218 2958 un-

166 2988 206 3050 de
221 2991 355 3055 oriatur?
396 2989 437 3052 Et
456 2992 607 3076 quidjsibi
624 2992 699 3054 velit
717 2991 792 3052 illud
810 2988 984 3075 reperire?
1004 2989 1118 3054 dictum
1130 3011 1216 3071 pro:

167 3112 341 3176 comparare
354 3092 428 3170 sibi,
450 3095 626 3179 acquirere?
668 3091 722 3153 An
736 3089 878 3176 equidem
890 3087 1011 3150 Alberti
1023 3091 1216 3160 sententiam

165 3195 247 3255 male
256 3194 415 3274 intelligo?
429 3195 551 3259 Etenim
558 3194 676 3258 innotis
682 3195 783 3279 paullo
791 3194 878 3255 aliter
887 3213 954 3261 rem
964 3190 1215 3276 interpretarivi.

166 3292 260 3358 detur.
283 3296 424 3375 „Vocem
435 3297 665 3382 compositam,“
684 3295 789 3379 inquit,
811 3293 1039 3375 „Diogenianus
1051 3296 1214 3374 excogita-

166 3397 224 3474 vit,
246 3407 279 3458 ut
300 3399 369 3485 ipso
388 3401 474 3462 titulo
488 3397 712 3483 pcttrperioree
734 3397 826 3458 etiam
848 3394 977 3459 curiose
1000 3394 1103 3456 omnia
1116 3394 1213 3462 inve-

166 3499 310 3578 stigantes
322 3504 384 3565 hoc
403 3503 481 3563 libro
494 3520 565 3560 cum
578 3503 675 3560 fructu
695 3500 739 3561 uti
751 3520 843 3585 posse
856 3497 1010 3560 indicaret.
1034 3537 1073 3547 -
1096 3496 1214 3567 Curio,

165 3603 271 3681 segeni
283 3592 372 3671 reddi
384 3605 463 3664 forte
474 3611 592 3684 posset,
613 3605 665 3666 vel
681 3601 942 3681 cmiosegenilegi‚
963 3623 1042 3664 voce
1054 3599 1094 3662 ad
1108 3596 1213 3666 Grae-

167 3724 234 3765 cam
247 3704 392 3770 conficta:
413 3704 659 3787 quamvislarine
671 3727 735 3766 non
748 3725 843 3789 aeque
856 3702 1021 3766 commode
1033 3725 1096 3764 uno
1110 3725 1213 3769 voca-

164 3807 237 3875 bulo
253 3804 381 3889 exprimi
391 3803 517 3891 queat.“
559 3807 625 3870 Iam
640 3808 723 3871 enim
734 3829 882 3893 pauperes
896 3829 962 3868 non
972 3807 1066 3868 libros
1079 3810 1213 3891 conqui.

164 3919 234 3978 runt
247 3906 391 3991 emplius,
412 3908 468 3970 sed
482 3906 601 3972 omnia
619 3909 837 3996 investigant.
879 3909 1030 3974 Nimirum
1043 3907 1075 3969 in
1087 3911 1213 3972 versio-

165 4018 304 4073 notetus
325 4009 365 4070 ab
384 4009 531 4091 Hesychii
549 4011 651 4075 verbis
668 4011 840 4098 peudebetq
860 4013 893 4074 in
913 3997 1121 4094 uomentem,
1142 4013 1214 4075 forss
