2534 4644
81 488 107 573 '
149 467 324 554 Πάμφιλος
343 473 461 548 solum3
482 471 613 557 primum
631 468 810 532 accedamus
830 466 869 531 ad
889 469 952 530 eius
966 471 1068 530 locum
1084 471 1183 530 maxi-
1254 533 1257 541 ,

146 596 198 639 me
211 574 452 646 memorabilem.
496 573 641 656 Loquitur
654 572 738 633 enim
750 570 950 652 Etymologus
964 569 1003 632 de
1016 592 1093 633 voce
1109 565 1183 653 κμέ·

147 679 272 756 eeoov
297 678 382 753 „Ari
399 669 589 755 γινώσκειν,
621 669 739 745 ὅτιτὸ
766 694 788 736 κ
811 667 876 750 πρὸ
900 673 961 735 τοῦ
980 694 1005 752 μ
1025 665 1184 736 οὐδέποτε

145 773 333 856 εὑρίσκεται
362 771 397 840 ἐν
427 769 513 857 ἀρχῇ
538 760 668 851 liltore·
703 778 765 840 τοῦ
791 769 856 856 γὰρ
884 769 1094 858 κολύκμητος
1123 768 1185 856 οὐχ

146 874 286 962 εὕρηται
306 873 343 940 ἑο
364 872 474 960 χρήσει
494 873 533 939 id
555 871 685 941 ἁπλοῦν
711 870 834 940 αὐτοῦ·
860 871 966 958 ἤγουν
985 872 1024 940 τὰ
1045 871 1184 959 κμητός·

148 977 264 1045 καὶτὸ
285 976 447 1060 κέκμηκα.
477 971 498 1041 ὃ
519 977 614 1061 δηλοῖ
631 974 670 1043 τὸ
690 977 891 1051 κεκοπίακα,
926 972 988 1042 οὐκ
1010 975 1097 1042 ἔστιν
1119 971 1184 1041 ἄκου’

148 1085 212 1146 κοῦ
235 1084 323 1162 urcei·
352 1072 429 1143 ἀλλ’
450 1072 517 1148 ἀπὸ
540 1081 601 1144 τοῦ
621 1073 818 1161 κεκοὶμηκοι.“
839 1079 993 1165 Deinceps
1013 1092 1185 1164 sequuntur,

151 1206 227 1268 quae
249 1205 337 1268 supra
357 1183 450 1247 attuli.
490 1180 564 1247 Non
581 1179 778 1259 dubitabitur,
799 1181 873 1266 quin
888 1192 951 1244 tota
968 1183 1019 1243 lex
1036 1203 1187 1260 panma-

150 1286 208 1350 tica
222 1286 261 1348 ab
279 1307 319 1348 eo
338 1284 406 1348 viro
424 1282 580 1368 proposita
599 1281 654 1359 sit,
676 1281 725 1345 cui
746 1295 902 1367 acceptam
923 1281 1015 1344 debet
1026 1281 1188 1364 Etymolo·

149 1407 205 1465 gns
224 1385 377 1470 Pamphili
391 1385 597 1462 mentionem3
626 1383 854 1448 celeberrimum
873 1383 942 1446 dico
961 1385 1188 1464 grarmnaticum

151 1486 376 1563 Herodianum,
401 1484 562 1571 Apollonii
575 1485 697 1564 filium3.
710 1486 762 1570 qui
769 1518 788 1563 ,κ
799 1497 833 1548 ut
847 1486 953 1549 statim'
965 1487 1135 1570 apparebit,
1155 1486 1189 1547 in

152 1588 294 1649 omnibus
307 1587 428 1670 reliquis
442 1608 562 1670 quoque
582 1587 699 1666 legibus
722 1585 909 1649 adversarius
920 1585 1082 1670 Pamphilo
1096 1587 1190 1649 exsti-

151 1690 196 1753 rit
238 1687 430 1751 Herodianus
452 1698 572 1766 autem,
593 1687 688 1753 Marci
707 1688 829 1751 Aurelii
848 1699 946 1751 aetate
966 1689 1091 1764 vivens,
1112 1688 1190 1748 lexi-

151 1813 212 1855 con
222 1789 374 1875 Pamphili
386 1788 460 1868 legit
473 1788 558 1850 haud
571 1787 671 1868 dubie,
686 1789 771 1874 quod
784 1790 860 1852 circa
875 1799 1022 1873 quartum,
1043 1790 1190 1872 quintum,

151 1905 185 1956 et
194 1904 315 1956 sentina
334 1892 507 1969 saeculum,
528 1902 562 1952 ut
582 1891 740 1975 probabile
761 1900 820 1967 est,
848 1911 888 1951 ex
909 1891 1071 1951 hominnm
1091 1892 1192 1953 mani-

153 1997 212 2059 bus
223 1992 355 2056 evanuit.
397 1991 583 2059 Evolventes
596 2003 698 2054 autem
712 1991 859 2072 Hesychii
871 1991 1007 2067 lexicon,
1029 1986 1193 2073 κμέλεθοα

153 2097 262 2158 frustra
290 2093 476 2176 quaerimus,
510 2092 566 2155 sed
594 2092 677 2175 quod
708 2114 773 2154 non
805 2102 1045 2175 exspectamus„
1061 2076 1193 2174 κμητόε,

154 2193 239 2279 quod
249 2195 351 2279 ipsum
364 2192 556 2259 Herodianus
569 2197 732 2280 obpugnat.
775 2192 879 2272 Quare
892 2193 1039 2278 opinabar
1051 2193 1193 2276 primum,

156 2300 207 2361 vel
224 2298 325 2381 potius
339 2297 524 2380 suspicabar,
549 2316 663 2358 errasse
685 2295 919 2378 Etymologum,
939 2314 996 2378 pro
1011 2291 1133 2376 κμηιός
1149 2298 1195 2359 le-

152 2410 280 2479 gentem
298 2392 472 2479 κμέλεθοιι.
522 2396 604 2460 Nam
623 2398 706 2482 quod
726 2397 810 2461 addit
829 2395 999 2479 ‚meeleb
1021 2389 1056 2459 di
1076 2428 1120 2443 ···
1140 2395 1196 2461 do-

154 2494 251 2578 uode,
270 2498 304 2562 id
314 2498 442 2584 quidem
457 2521 523 2563 non
536 2502 687 2578 curabam,
707 2500 760 2585 qui
780 2520 816 2561 ea
830 2501 924 2562 verba
938 2495 1114 2577 Etymologi
1126 2518 1196 2563 esse
1245 2555 1252 2568 ,

87 2616 93 2628 ”
140 2601 405 2678 additamentum,
425 2599 572 2678 videram,
593 2624 693 2686 neque
712 2624 784 2665 cum
794 2601 944 2684 plerisque
960 2600 1037 2660 haec
1050 2597 1091 2660 ad
1105 2599 1197 2663 Pam-

156 2705 277 2787 philum
307 2714 338 2763 et
365 2700 576 2763 Herodianum
601 2703 768 2774 trahebam.
814 2701 901 2763 Nihil
929 2701 1048 2761 affirmo
1075 2711 1197 2785 tamen5

159 2802 307 2886 imprimis
326 2822 438 2884 quum,
466 2812 499 2863 ut
523 2820 616 2884 saepe
636 2803 750 2863 factum
778 2809 838 2876 est,
867 2801 924 2861 sub
943 2819 1020 2862 voce
1045 2795 1198 2879 μέλαθρα
1238 2803 1248 2820 ‘

160 2926 208 2966 res
230 2925 250 2964 a
264 2902 425 2987 Pamphilo
448 2901 610 2986 explicata,
641 2912 671 2964 et
697 2903 735 2965 ab
756 2899 948 2973 Diogeniano
969 2899 1082 2964 omissa
1104 2902 1200 2984 possit

83 3068 87 3083 ‚
157 3028 238 3071 esse.
281 3004 425 3069 Ceterum
443 3016 490 3069 est
510 3007 586 3067 haec
606 3024 684 3081 vox,
708 2999 1103 3079 Schneideri,Butt1nanni
1122 3004 1200 3065 alio-

160 3129 287 3192 rumque
299 3127 397 3169 errore
412 3105 634 3183 memorabilis,
656 3104 708 3189 qui
726 3104 890 3189 scripturae
906 3105 1015 3168 vitium
1034 3103 1118 3189 apud
1127 3103 1200 3170 ste.

160 3211 299 3296 phanum
319 3209 429 3285 secuti,
456 3207 648 3290 κμέλοιθρον
669 3227 709 3285 ex
727 3204 978 3290 Pamphyliorum
996 3204 1124 3268 dialecto
1146 3229 1202 3290 po·

161 3312 250 3371 titum
266 3332 332 3372 esse
347 3308 504 3387 dicebant3
528 3311 580 3369 cfr.
599 3305 742 3368 Schneid.
765 3307 839 3372 Lex.
860 3304 967 3372 Graec.
988 3327 1015 3378 s,
1034 3327 1066 3368 v.
1085 3302 1201 3386 κμέλι-

101 3395 125 3480 ’,
159 3416 269 3491 eoo,
290 3411 438 3476 emersa
455 3406 507 3472 ur.
525 3406 578 3471 Gr.
599 3430 629 3491 p.
644 3412 694 3473 39.
717 3405 831 3468 nutem.
848 3407 985 3485 nemag.
1008 3405 1052 3483 11,
1076 3428 1107 3491 p.
1128 3411 1201 3475 κιο.

249 3510 370 3574 Deinde
381 3509 584 3592 Etymologus
600 3507 710 3571 iisdem
725 3529 823 3593 paene
843 3507 958 3597 verbis,
978 3509 1088 3592 quibus
1110 3513 1202 3574 scho·

158 3616 251 3679 basta
264 3611 407 3690 Venetus,
427 3634 511 3690 usus,
536 3611 576 3674 de
590 3631 668 3674 voce
682 3609 814 3691 εἴδομεν
826 3608 950 3693 eiusque
965 3620 1089 3672 accentu
1103 3613 1203 3697 loqui..

165 3728 228 3793 tur,
261 3711 454 3796 defenditque
481 3725 587 3777 contra
605 3709 800 3795 Pamphilum
821 3707 989 3775 Aristarchi
1017 3712 1202 3796 opinionem.

166 3814 202 3882 In
214 3814 312 3881 lexico
328 3813 525 3894 Hesychiano
543 3812 716 3896 „altapew
738 3805 917 3895 uddupff
936 3822 1022 3891 cett,
1044 3837 1144 3901 neque
1162 3818 1202 3882 el-

168 3918 287 3997 δῶμεν,
317 3935 417 4000 neque
433 3909 574 3997 εἰδόμον.
616 3915 740 4002 Triplex
754 3925 802 3978 est
812 3914 1077 3992 grammaticorum
1088 3919 1202 4003 opinio.

170 4018 235 4089 Alii
253 4018 336 4083 enim
355 4016 507 4101 duplicem
525 4036 593 4085 esse
616 4016 799 4086 eoniuneivi
815 4018 960 4094 fonnem,
982 4015 1060 4083 ewa
1080 4033 1113 4082 et
1128 4019 1204 4087 etde
