<?xml version="1.0" encoding="UTF-8"?>
<!DOCTYPE html PUBLIC "-//W3C//DTD XHTML 1.0 Transitional//EN"
    "http://www.w3.org/TR/xhtml1/DTD/xhtml1-transitional.dtd">
<html xmlns="http://www.w3.org/1999/xhtml" xml:lang="en" lang="en">
 <head>
  <title>
</title>
<meta http-equiv="Content-Type" content="text/html;charset=utf-8" />
  <meta name='ocr-system' content='tesseract 3.04.00' />
  <meta name='ocr-capabilities' content='ocr_page ocr_carea ocr_par ocr_line ocrx_word'/>
</head>
<body>
  <div class='ocr_page' id='page_1' title='image "./caroliferdinand00rankgoog_0113.png"; bbox 0 0 2534 4644; ppageno 0'>
   <div class='ocr_carea' id='block_1_1' title="bbox 100 281 163 345">
    <p class='ocr_par' dir='ltr' id='par_1_1' title="bbox 100 281 163 345">
     <span class='ocr_line' id='line_1_1' title="bbox 100 281 163 345; baseline 0 0"><span class='ocrx_word' id='word_1_1' title='bbox 100 281 163 345; x_wconf 77' lang='lat'>1⁰2</span> 
     </span>
    </p>
   </div>
   <div class='ocr_carea' id='block_1_2' title="bbox 101 436 1157 943">
    <p class='ocr_par' dir='ltr' id='par_1_2' title="bbox 101 436 1157 943">
     <span class='ocr_line' id='line_1_2' title="bbox 101 436 1157 537; baseline -0.004 -27"><span class='ocrx_word' id='word_1_2' title='bbox 101 436 316 537; x_wconf 53' lang='lat' dir='ltr'>&amp;omri</span> <span class='ocrx_word' id='word_1_3' title='bbox 344 455 448 527; x_wconf 76' lang='grc' dir='ltr'><strong><em>φησιν</em></strong></span> <span class='ocrx_word' id='word_1_4' title='bbox 467 436 520 506; x_wconf 78' lang='grc' dir='ltr'>ὅτι</span> <span class='ocrx_word' id='word_1_5' title='bbox 544 439 634 519; x_wconf 81' lang='grc' dir='ltr'><strong><em>Θόας</em></strong></span> <span class='ocrx_word' id='word_1_6' title='bbox 656 438 880 528; x_wconf 77' lang='grc' dir='ltr'><strong><em>ὁΊθοιτιὴστος</em></strong></span> <span class='ocrx_word' id='word_1_7' title='bbox 905 440 919 506; x_wconf 86' lang='lat' dir='ltr'>l</span> <span class='ocrx_word' id='word_1_8' title='bbox 1020 440 1036 457; x_wconf 77' lang='lat'>⁸</span> <span class='ocrx_word' id='word_1_9' title='bbox 1057 436 1157 523; x_wconf 66' lang='grc' dir='ltr'>παρὰ</span> 
     </span>
     <span class='ocr_line' id='line_1_3' title="bbox 102 536 1156 630; baseline -0.001 -22"><span class='ocrx_word' id='word_1_10' title='bbox 102 540 220 626; x_wconf 58' lang='lat' dir='ltr'>docile</span> <span class='ocrx_word' id='word_1_11' title='bbox 239 541 392 626; x_wconf 74' lang='grc' dir='ltr'><strong><em>νικὲοιου</em></strong></span> <span class='ocrx_word' id='word_1_12' title='bbox 412 546 583 611; x_wconf 71' lang='grc' dir='ltr'><strong><em>μολεῖσθαι</em></strong></span> <span class='ocrx_word' id='word_1_13' title='bbox 603 542 641 611; x_wconf 83' lang='grc' dir='ltr'>τά</span> <span class='ocrx_word' id='word_1_14' title='bbox 663 542 852 630; x_wconf 47' lang='grc' dir='ltr'><strong><em>βούτυρον(</em></strong></span> <span class='ocrx_word' id='word_1_15' title='bbox 882 546 985 625; x_wconf 83' lang='lat' dir='ltr'>Hesyc</span> <span class='ocrx_word' id='word_1_16' title='bbox 1005 556 1009 561; x_wconf 85' lang='lat'>&#39;</span> <span class='ocrx_word' id='word_1_17' title='bbox 1046 536 1156 625; x_wconf 62' lang='lat' dir='ltr'>„floti-</span> 
     </span>
     <span class='ocr_line' id='line_1_4' title="bbox 102 639 1156 731; baseline -0.003 -20"><span class='ocrx_word' id='word_1_18' title='bbox 102 667 219 727; x_wconf 81' lang='grc' dir='ltr'><strong><em>τυρον·</em></strong></span> <span class='ocrx_word' id='word_1_19' title='bbox 243 644 387 730; x_wconf 79' lang='grc' dir='ltr'><strong><em>βοτάνης</em></strong></span> <span class='ocrx_word' id='word_1_20' title='bbox 414 640 520 724; x_wconf 70' lang='lat' dir='ltr'>eldaa,</span> <span class='ocrx_word' id='word_1_21' title='bbox 549 641 774 725; x_wconf 80' lang='grc' dir='ltr'><strong><em>Διονύσιος·“</em></strong></span> <span class='ocrx_word' id='word_1_22' title='bbox 800 645 939 731; x_wconf 78' lang='grc' dir='ltr'><strong><em>Ἕλφος·</em></strong></span> <span class='ocrx_word' id='word_1_23' title='bbox 973 639 1156 727; x_wconf 79' lang='grc' dir='ltr'><strong><em>βούτυρον</em></strong></span> 
     </span>
     <span class='ocr_line' id='line_1_5' title="bbox 105 743 1156 835; baseline 0.001 -23"><span class='ocrx_word' id='word_1_24' title='bbox 105 745 281 828; x_wconf 75' lang='grc' dir='ltr'><strong><em>Κάπριον.“</em></strong></span> <span class='ocrx_word' id='word_1_25' title='bbox 304 786 343 797; x_wconf 94' lang='lat'><em>-</em></span> <span class='ocrx_word' id='word_1_26' title='bbox 365 749 454 835; x_wconf 81' lang='lat' dir='ltr'>ldp.</span> <span class='ocrx_word' id='word_1_27' title='bbox 472 752 544 816; x_wconf 82' lang='lat'>888.</span> <span class='ocrx_word' id='word_1_28' title='bbox 566 753 767 831; x_wconf 80' lang='grc' dir='ltr'><strong><em>,,φορινούς·</em></strong></span> <span class='ocrx_word' id='word_1_29' title='bbox 789 752 917 831; x_wconf 69' lang='grc' dir='ltr'><strong><em>πυκνῆς</em></strong></span> <span class='ocrx_word' id='word_1_30' title='bbox 936 746 1062 830; x_wconf 70' lang='grc' dir='ltr'><strong><em>φησίν·</em></strong></span> <span class='ocrx_word' id='word_1_31' title='bbox 1090 743 1156 813; x_wconf 73' lang='grc' dir='ltr'>Οὔ·</span> 
     </span>
     <span class='ocr_line' id='line_1_6' title="bbox 104 843 1156 943; baseline 0 -29"><span class='ocrx_word' id='word_1_32' title='bbox 104 872 168 925; x_wconf 77' lang='grc' dir='ltr'><strong><em>τοτς</em></strong></span> <span class='ocrx_word' id='word_1_33' title='bbox 183 843 420 933; x_wconf 74' lang='grc' dir='ltr'>Ἀριστοφάνης</span> <span class='ocrx_word' id='word_1_34' title='bbox 444 846 463 916; x_wconf 88' lang='grc' dir='ltr'>ὁ</span> <span class='ocrx_word' id='word_1_35' title='bbox 486 853 636 933; x_wconf 80' lang='grc' dir='ltr'><strong><em>Γονμμ.“</em></strong></span> <span class='ocrx_word' id='word_1_36' title='bbox 664 853 808 933; x_wconf 86' lang='lat' dir='ltr'>Hesych·</span> <span class='ocrx_word' id='word_1_37' title='bbox 827 846 1044 943; x_wconf 49' lang='lat' dir='ltr'>„qoplvqsri</span> <span class='ocrx_word' id='word_1_38' title='bbox 1072 848 1156 929; x_wconf 70' lang='grc' dir='ltr'>παρ’</span> 
     </span>
    </p>
   </div>
   <div class='ocr_carea' id='block_1_3' title="bbox 46 948 1172 3994">
    <p class='ocr_par' dir='ltr' id='par_1_3' title="bbox 104 948 1162 1950">
     <span class='ocr_line' id='line_1_7' title="bbox 106 948 1157 1039; baseline 0.001 -22"><span class='ocrx_word' id='word_1_39' title='bbox 106 948 207 1026; x_wconf 73' lang='grc' dir='ltr'><strong><em>ἐνίοις</em></strong></span> <span class='ocrx_word' id='word_1_40' title='bbox 227 951 392 1036; x_wconf 77' lang='grc' dir='ltr'><strong><em>πυρίνη,“</em></strong></span> <span class='ocrx_word' id='word_1_41' title='bbox 424 975 501 1039; x_wconf 85' lang='lat' dir='ltr'>qnae</span> <span class='ocrx_word' id='word_1_42' title='bbox 517 975 586 1017; x_wconf 90' lang='lat' dir='ltr'>sese</span> <span class='ocrx_word' id='word_1_43' title='bbox 603 953 768 1016; x_wconf 84' lang='lat' dir='ltr'>emendant</span> <span class='ocrx_word' id='word_1_44' title='bbox 782 955 926 1017; x_wconf 83' lang='lat' dir='ltr'>invicem.</span> <span class='ocrx_word' id='word_1_45' title='bbox 967 952 1157 1018; x_wconf 84' lang='lat' dir='ltr'>Erotianum</span> 
     </span>
     <span class='ocr_line' id='line_1_8' title="bbox 104 1052 1157 1141; baseline 0.004 -26"><span class='ocrx_word' id='word_1_46' title='bbox 104 1053 194 1133; x_wconf 88' lang='lat' dir='ltr'>igitur</span> <span class='ocrx_word' id='word_1_47' title='bbox 206 1053 424 1119; x_wconf 80' lang='lat' dir='ltr'><strong>Valckenarius</strong></span> <span class='ocrx_word' id='word_1_48' title='bbox 437 1057 575 1141; x_wconf 85' lang='lat' dir='ltr'>excipere</span> <span class='ocrx_word' id='word_1_49' title='bbox 595 1053 745 1134; x_wconf 86' lang='lat' dir='ltr'>debebat,</span> <span class='ocrx_word' id='word_1_50' title='bbox 767 1057 820 1119; x_wconf 91' lang='lat' dir='ltr'>ubi</span> <span class='ocrx_word' id='word_1_51' title='bbox 841 1055 880 1121; x_wconf 89' lang='lat' dir='ltr'>de</span> <span class='ocrx_word' id='word_1_52' title='bbox 895 1055 1011 1117; x_wconf 87' lang='lat' dir='ltr'>amisso</span> <span class='ocrx_word' id='word_1_53' title='bbox 1026 1052 1157 1119; x_wconf 83' lang='lat' dir='ltr'>Aristo-</span> 
     </span>
     <span class='ocr_line' id='line_1_9' title="bbox 106 1156 1159 1242; baseline 0.008 -27"><span class='ocrx_word' id='word_1_54' title='bbox 106 1157 215 1242; x_wconf 88' lang='lat' dir='ltr'>phanis</span> <span class='ocrx_word' id='word_1_55' title='bbox 226 1157 304 1219; x_wconf 90' lang='lat' dir='ltr'>libro</span> <span class='ocrx_word' id='word_1_56' title='bbox 321 1160 509 1242; x_wconf 74' lang='lat' dir='ltr'>querebatur.</span> <span class='ocrx_word' id='word_1_57' title='bbox 551 1156 622 1220; x_wconf 89' lang='lat' dir='ltr'>Non</span> <span class='ocrx_word' id='word_1_58' title='bbox 642 1159 747 1238; x_wconf 88' lang='lat' dir='ltr'>negari</span> <span class='ocrx_word' id='word_1_59' title='bbox 763 1157 847 1220; x_wconf 90' lang='lat' dir='ltr'>enim</span> <span class='ocrx_word' id='word_1_60' title='bbox 864 1168 980 1242; x_wconf 86' lang='lat' dir='ltr'>potest,</span> <span class='ocrx_word' id='word_1_61' title='bbox 1002 1157 1096 1219; x_wconf 85' lang='lat' dir='ltr'>hunc</span> <span class='ocrx_word' id='word_1_62' title='bbox 1114 1159 1159 1223; x_wconf 79' lang='lat' dir='ltr'>vi-</span> 
     </span>
     <span class='ocr_line' id='line_1_10' title="bbox 108 1255 1159 1344; baseline 0.001 -24"><span class='ocrx_word' id='word_1_63' title='bbox 108 1256 190 1320; x_wconf 80' lang='lat' dir='ltr'>disse</span> <span class='ocrx_word' id='word_1_64' title='bbox 206 1259 310 1338; x_wconf 80' lang='lat' dir='ltr'>illum3</span> <span class='ocrx_word' id='word_1_65' title='bbox 339 1271 520 1344; x_wconf 90' lang='lat' dir='ltr'>quapropter</span> <span class='ocrx_word' id='word_1_66' title='bbox 537 1282 575 1321; x_wconf 93' lang='lat' dir='ltr'>eo</span> <span class='ocrx_word' id='word_1_67' title='bbox 593 1261 692 1340; x_wconf 86' lang='lat' dir='ltr'>magis</span> <span class='ocrx_word' id='word_1_68' title='bbox 717 1259 917 1337; x_wconf 84' lang='lat' dir='ltr'>confidenter,</span> <span class='ocrx_word' id='word_1_69' title='bbox 945 1278 963 1318; x_wconf 90' lang='lat' dir='ltr'>a</span> <span class='ocrx_word' id='word_1_70' title='bbox 986 1255 1159 1343; x_wconf 78' lang='lat' dir='ltr'>Pamphilo</span> 
     </span>
     <span class='ocr_line' id='line_1_11' title="bbox 107 1357 1160 1446; baseline 0.003 -25"><span class='ocrx_word' id='word_1_71' title='bbox 107 1357 348 1446; x_wconf 82' lang='lat' dir='ltr'>Aristophanem</span> <span class='ocrx_word' id='word_1_72' title='bbox 365 1373 536 1446; x_wconf 83' lang='lat' dir='ltr'>receptum,</span> <span class='ocrx_word' id='word_1_73' title='bbox 558 1371 589 1422; x_wconf 87' lang='lat' dir='ltr'>et</span> <span class='ocrx_word' id='word_1_74' title='bbox 602 1359 753 1446; x_wconf 84' lang='lat' dir='ltr'>Pamphili</span> <span class='ocrx_word' id='word_1_75' title='bbox 766 1371 941 1445; x_wconf 85' lang='lat' dir='ltr'>excerptum</span> <span class='ocrx_word' id='word_1_76' title='bbox 954 1357 997 1424; x_wconf 89' lang='lat' dir='ltr'>ad</span> <span class='ocrx_word' id='word_1_77' title='bbox 1014 1372 1160 1432; x_wconf 79' lang='lat' dir='ltr'>nostram</span> 
     </span>
     <span class='ocr_line' id='line_1_12' title="bbox 108 1459 1161 1540; baseline -0.001 -13"><span class='ocrx_word' id='word_1_78' title='bbox 108 1475 239 1527; x_wconf 78' lang='lat' dir='ltr'>aetatem</span> <span class='ocrx_word' id='word_1_79' title='bbox 251 1462 443 1527; x_wconf 85' lang='lat' dir='ltr'>descendisse</span> <span class='ocrx_word' id='word_1_80' title='bbox 457 1461 684 1540; x_wconf 80' lang='lat' dir='ltr'>contendimus3</span> <span class='ocrx_word' id='word_1_81' title='bbox 706 1483 741 1523; x_wconf 89' lang='lat' dir='ltr'>ac</span> <span class='ocrx_word' id='word_1_82' title='bbox 755 1461 793 1524; x_wconf 89' lang='lat' dir='ltr'>de</span> <span class='ocrx_word' id='word_1_83' title='bbox 805 1473 867 1522; x_wconf 86' lang='lat' dir='ltr'>tota</span> <span class='ocrx_word' id='word_1_84' title='bbox 874 1459 1081 1523; x_wconf 81' lang='lat' dir='ltr'>Valckenarii</span> <span class='ocrx_word' id='word_1_85' title='bbox 1092 1484 1161 1526; x_wconf 89' lang='lat' dir='ltr'>sen·</span> 
     </span>
     <span class='ocr_line' id='line_1_13' title="bbox 108 1562 1161 1640; baseline 0.003 -16"><span class='ocrx_word' id='word_1_86' title='bbox 108 1565 201 1625; x_wconf 85' lang='lat' dir='ltr'>tentia</span> <span class='ocrx_word' id='word_1_87' title='bbox 216 1563 397 1628; x_wconf 79' lang='lat' dir='ltr'>dubitamus.</span> <span class='ocrx_word' id='word_1_88' title='bbox 440 1565 475 1628; x_wconf 88' lang='lat' dir='ltr'>si</span> <span class='ocrx_word' id='word_1_89' title='bbox 485 1566 568 1626; x_wconf 91' lang='lat' dir='ltr'>enim</span> <span class='ocrx_word' id='word_1_90' title='bbox 578 1562 707 1626; x_wconf 88' lang='lat' dir='ltr'>Neronis</span> <span class='ocrx_word' id='word_1_91' title='bbox 721 1575 817 1626; x_wconf 90' lang='lat' dir='ltr'>aetate</span> <span class='ocrx_word' id='word_1_92' title='bbox 828 1563 1001 1640; x_wconf 90' lang='lat' dir='ltr'>Erotianus,</span> <span class='ocrx_word' id='word_1_93' title='bbox 1018 1574 1058 1624; x_wconf 89' lang='lat' dir='ltr'>et</span> <span class='ocrx_word' id='word_1_94' title='bbox 1070 1563 1161 1627; x_wconf 86' lang='lat' dir='ltr'>Pam-</span> 
     </span>
     <span class='ocr_line' id='line_1_14' title="bbox 110 1663 1162 1751; baseline 0.003 -24"><span class='ocrx_word' id='word_1_95' title='bbox 110 1666 211 1751; x_wconf 89' lang='lat' dir='ltr'>philus</span> <span class='ocrx_word' id='word_1_96' title='bbox 222 1670 324 1751; x_wconf 89' lang='lat' dir='ltr'>paullo</span> <span class='ocrx_word' id='word_1_97' title='bbox 337 1678 417 1751; x_wconf 88' lang='lat' dir='ltr'>post,</span> <span class='ocrx_word' id='word_1_98' title='bbox 432 1667 496 1728; x_wconf 91' lang='lat' dir='ltr'>eius</span> <span class='ocrx_word' id='word_1_99' title='bbox 508 1667 586 1728; x_wconf 89' lang='lat' dir='ltr'>libro</span> <span class='ocrx_word' id='word_1_100' title='bbox 598 1665 642 1725; x_wconf 88' lang='lat' dir='ltr'>uti</span> <span class='ocrx_word' id='word_1_101' title='bbox 654 1676 832 1750; x_wconf 89' lang='lat' dir='ltr'>potuerunt:</span> <span class='ocrx_word' id='word_1_102' title='bbox 846 1687 899 1727; x_wconf 91' lang='lat' dir='ltr'>cur</span> <span class='ocrx_word' id='word_1_103' title='bbox 905 1663 1075 1729; x_wconf 84' lang='lat' dir='ltr'>Athenaei</span> <span class='ocrx_word' id='word_1_104' title='bbox 1086 1679 1162 1730; x_wconf 89' lang='lat' dir='ltr'>tem-</span> 
     </span>
     <span class='ocr_line' id='line_1_15' title="bbox 110 1766 1162 1856; baseline 0.007 -31"><span class='ocrx_word' id='word_1_105' title='bbox 110 1766 249 1850; x_wconf 77' lang='lat' dir='ltr'>poribus,</span> <span class='ocrx_word' id='word_1_106' title='bbox 272 1766 349 1829; x_wconf 82' lang='lat' dir='ltr'>circa</span> <span class='ocrx_word' id='word_1_107' title='bbox 364 1767 529 1831; x_wconf 82' lang='lat' dir='ltr'>Gormnodi</span> <span class='ocrx_word' id='word_1_108' title='bbox 550 1768 714 1852; x_wconf 91' lang='lat' dir='ltr'>imperium</span> <span class='ocrx_word' id='word_1_109' title='bbox 735 1767 863 1829; x_wconf 85' lang='lat' dir='ltr'>amissus</span> <span class='ocrx_word' id='word_1_110' title='bbox 882 1768 1061 1846; x_wconf 83' lang='lat' dir='ltr'>cogitatur?</span> <span class='ocrx_word' id='word_1_111' title='bbox 1094 1769 1162 1856; x_wconf 91' lang='lat' dir='ltr'>quid</span> 
     </span>
     <span class='ocr_line' id='line_1_16' title="bbox 111 1867 1162 1950; baseline 0.006 -23"><span class='ocrx_word' id='word_1_112' title='bbox 111 1886 171 1950; x_wconf 89' lang='lat' dir='ltr'>quo</span> <span class='ocrx_word' id='word_1_113' title='bbox 186 1867 288 1931; x_wconf 85' lang='lat' dir='ltr'>minos</span> <span class='ocrx_word' id='word_1_114' title='bbox 305 1867 503 1932; x_wconf 85' lang='lat' dir='ltr'>Athenaeum</span> <span class='ocrx_word' id='word_1_115' title='bbox 515 1870 638 1939; x_wconf 88' lang='lat' dir='ltr'>nonnisi</span> <span class='ocrx_word' id='word_1_116' title='bbox 651 1891 724 1932; x_wconf 89' lang='lat' dir='ltr'>suae</span> <span class='ocrx_word' id='word_1_117' title='bbox 738 1867 961 1930; x_wconf 88' lang='lat' dir='ltr'>commoditatis</span> <span class='ocrx_word' id='word_1_118' title='bbox 975 1871 1083 1948; x_wconf 83' lang='lat' dir='ltr'>gratia</span> <span class='ocrx_word' id='word_1_119' title='bbox 1102 1873 1162 1936; x_wconf 65' lang='grc' dir='ltr'><strong><em>οἷον</em></strong></span> 
     </span>
    </p>

    <p class='ocr_par' dir='ltr' id='par_1_4' title="bbox 46 1971 1172 3994">
     <span class='ocr_line' id='line_1_17' title="bbox 109 1971 1163 2061; baseline 0.005 -30"><span class='ocrx_word' id='word_1_120' title='bbox 109 1971 292 2032; x_wconf 86' lang='lat' dir='ltr'>sententiam</span> <span class='ocrx_word' id='word_1_121' title='bbox 313 1993 352 2033; x_wconf 89' lang='lat' dir='ltr'>ex</span> <span class='ocrx_word' id='word_1_122' title='bbox 373 1971 534 2057; x_wconf 86' lang='lat' dir='ltr'>Pamphilo</span> <span class='ocrx_word' id='word_1_123' title='bbox 559 1973 739 2052; x_wconf 85' lang='lat' dir='ltr'>cognovisse</span> <span class='ocrx_word' id='word_1_124' title='bbox 763 1992 955 2047; x_wconf 86' lang='lat' dir='ltr'>censeamus,</span> <span class='ocrx_word' id='word_1_125' title='bbox 976 1992 1042 2035; x_wconf 88' lang='lat' dir='ltr'>nos</span> <span class='ocrx_word' id='word_1_126' title='bbox 1062 1975 1163 2061; x_wconf 87' lang='lat' dir='ltr'>impe-</span> 
     </span>
     <span class='ocr_line' id='line_1_18' title="bbox 46 2065 1163 2161; baseline 0.005 -29"><span class='ocrx_word' id='word_1_127' title='bbox 46 2065 49 2070; x_wconf 67' lang='grc'><strong>’</strong></span> <span class='ocrx_word' id='word_1_128' title='bbox 113 2067 181 2136; x_wconf 85' lang='lat' dir='ltr'>dit?</span> <span class='ocrx_word' id='word_1_129' title='bbox 202 2070 346 2154; x_wconf 83' lang='lat' dir='ltr'>Accedit,</span> <span class='ocrx_word' id='word_1_130' title='bbox 368 2075 451 2159; x_wconf 92' lang='lat' dir='ltr'>quod</span> <span class='ocrx_word' id='word_1_131' title='bbox 463 2097 503 2137; x_wconf 87' lang='lat' dir='ltr'>ex</span> <span class='ocrx_word' id='word_1_132' title='bbox 514 2076 567 2136; x_wconf 94' lang='lat' dir='ltr'>illo</span> <span class='ocrx_word' id='word_1_133' title='bbox 582 2086 736 2161; x_wconf 87' lang='lat' dir='ltr'>tempore,</span> <span class='ocrx_word' id='word_1_134' title='bbox 755 2096 815 2159; x_wconf 91' lang='lat' dir='ltr'>quo</span> <span class='ocrx_word' id='word_1_135' title='bbox 828 2073 1062 2157; x_wconf 82' lang='lat' dir='ltr'>Aristophanes</span> <span class='ocrx_word' id='word_1_136' title='bbox 1079 2078 1163 2140; x_wconf 79' lang='lat' dir='ltr'>&#39;vixe-</span> 
     </span>
     <span class='ocr_line' id='line_1_19' title="bbox 112 2173 1163 2266; baseline 0.007 -32"><span class='ocrx_word' id='word_1_137' title='bbox 112 2185 174 2248; x_wconf 90' lang='lat' dir='ltr'>rat,</span> <span class='ocrx_word' id='word_1_138' title='bbox 197 2173 236 2237; x_wconf 92' lang='lat' dir='ltr'>de</span> <span class='ocrx_word' id='word_1_139' title='bbox 246 2177 354 2256; x_wconf 81' lang='lat' dir='ltr'>glossis</span> <span class='ocrx_word' id='word_1_140' title='bbox 366 2176 522 2240; x_wconf 87' lang='lat' dir='ltr'>Laconicis</span> <span class='ocrx_word' id='word_1_141' title='bbox 536 2178 661 2262; x_wconf 85' lang='lat' dir='ltr'>aliisque</span> <span class='ocrx_word' id='word_1_142' title='bbox 674 2181 774 2262; x_wconf 88' lang='lat' dir='ltr'>plures</span> <span class='ocrx_word' id='word_1_143' title='bbox 786 2178 856 2241; x_wconf 93' lang='lat' dir='ltr'>libri</span> <span class='ocrx_word' id='word_1_144' title='bbox 867 2176 969 2262; x_wconf 85' lang='lat' dir='ltr'>scripti</span> <span class='ocrx_word' id='word_1_145' title='bbox 983 2189 1097 2258; x_wconf 84' lang='lat' dir='ltr'>erant,</span> <span class='ocrx_word' id='word_1_146' title='bbox 1116 2181 1163 2266; x_wconf 91' lang='lat' dir='ltr'>qui</span> 
     </span>
     <span class='ocr_line' id='line_1_20' title="bbox 113 2275 1163 2365; baseline 0.009 -28"><span class='ocrx_word' id='word_1_147' title='bbox 113 2275 198 2338; x_wconf 82' lang='lat' dir='ltr'>haud</span> <span class='ocrx_word' id='word_1_148' title='bbox 219 2275 311 2340; x_wconf 89' lang='lat' dir='ltr'>dubie</span> <span class='ocrx_word' id='word_1_149' title='bbox 332 2277 572 2364; x_wconf 85' lang='lat' dir='ltr'>Aristophanem</span> <span class='ocrx_word' id='word_1_150' title='bbox 595 2291 821 2365; x_wconf 83' lang='lat' dir='ltr'>superaverant,</span> <span class='ocrx_word' id='word_1_151' title='bbox 856 2290 886 2342; x_wconf 90' lang='lat' dir='ltr'>et</span> <span class='ocrx_word' id='word_1_152' title='bbox 905 2300 996 2363; x_wconf 91' lang='lat' dir='ltr'>saepe</span> <span class='ocrx_word' id='word_1_153' title='bbox 1019 2283 1118 2364; x_wconf 85' lang='lat' dir='ltr'>plura</span> <span class='ocrx_word' id='word_1_154' title='bbox 1136 2292 1163 2345; x_wconf 78' lang='lat' dir='ltr'>sl</span> 
     </span>
     <span class='ocr_line' id='line_1_21' title="bbox 114 2379 1163 2466; baseline 0.009 -28"><span class='ocrx_word' id='word_1_155' title='bbox 114 2379 242 2441; x_wconf 88' lang='lat' dir='ltr'>meliora</span> <span class='ocrx_word' id='word_1_156' title='bbox 263 2379 422 2459; x_wconf 81' lang='lat' dir='ltr'>dederant3</span> <span class='ocrx_word' id='word_1_157' title='bbox 449 2379 484 2441; x_wconf 89' lang='lat' dir='ltr'>id</span> <span class='ocrx_word' id='word_1_158' title='bbox 510 2380 593 2465; x_wconf 89' lang='lat' dir='ltr'>quod</span> <span class='ocrx_word' id='word_1_159' title='bbox 611 2402 650 2442; x_wconf 89' lang='lat' dir='ltr'>ex</span> <span class='ocrx_word' id='word_1_160' title='bbox 669 2382 738 2466; x_wconf 91' lang='lat' dir='ltr'>ipso</span> <span class='ocrx_word' id='word_1_161' title='bbox 751 2379 916 2443; x_wconf 89' lang='lat' dir='ltr'>Athenaeo</span> <span class='ocrx_word' id='word_1_162' title='bbox 934 2382 1026 2442; x_wconf 76' lang='lat' dir='ltr'>facile</span> <span class='ocrx_word' id='word_1_163' title='bbox 1045 2385 1163 2465; x_wconf 80' lang='lat' dir='ltr'>colligi·</span> 
     </span>
     <span class='ocr_line' id='line_1_22' title="bbox 114 2480 1163 2566; baseline 0.009 -26"><span class='ocrx_word' id='word_1_164' title='bbox 114 2490 171 2542; x_wconf 88' lang='lat' dir='ltr'>tur.</span> <span class='ocrx_word' id='word_1_165' title='bbox 212 2480 369 2543; x_wconf 90' lang='lat' dir='ltr'>Interdum</span> <span class='ocrx_word' id='word_1_166' title='bbox 389 2483 487 2561; x_wconf 90' lang='lat' dir='ltr'>enim,</span> <span class='ocrx_word' id='word_1_167' title='bbox 511 2482 620 2544; x_wconf 89' lang='lat' dir='ltr'>ubi.de</span> <span class='ocrx_word' id='word_1_168' title='bbox 637 2481 794 2544; x_wconf 88' lang='lat' dir='ltr'>Laconicis</span> <span class='ocrx_word' id='word_1_169' title='bbox 815 2484 946 2566; x_wconf 88' lang='lat' dir='ltr'>loquitur</span> <span class='ocrx_word' id='word_1_170' title='bbox 962 2485 1097 2563; x_wconf 82' lang='lat' dir='ltr'>glossis,</span> <span class='ocrx_word' id='word_1_171' title='bbox 1119 2497 1163 2548; x_wconf 79' lang='lat' dir='ltr'>te·</span> 
     </span>
     <span class='ocr_line' id='line_1_23' title="bbox 115 2579 1163 2672; baseline 0.004 -30"><span class='ocrx_word' id='word_1_172' title='bbox 115 2590 176 2671; x_wconf 83' lang='lat' dir='ltr'>stes</span> <span class='ocrx_word' id='word_1_173' title='bbox 196 2579 325 2646; x_wconf 83' lang='lat' dir='ltr'>advocat</span> <span class='ocrx_word' id='word_1_174' title='bbox 345 2582 507 2646; x_wconf 88' lang='lat' dir='ltr'>Ameriam</span> <span class='ocrx_word' id='word_1_175' title='bbox 535 2595 565 2646; x_wconf 89' lang='lat' dir='ltr'>et</span> <span class='ocrx_word' id='word_1_176' title='bbox 587 2579 764 2661; x_wconf 85' lang='lat' dir='ltr'>Seleucum,</span> <span class='ocrx_word' id='word_1_177' title='bbox 792 2604 921 2667; x_wconf 90' lang='lat' dir='ltr'>quorum</span> <span class='ocrx_word' id='word_1_178' title='bbox 948 2583 1048 2646; x_wconf 89' lang='lat' dir='ltr'>libros</span> <span class='ocrx_word' id='word_1_179' title='bbox 1080 2587 1163 2672; x_wconf 81' lang='lat' dir='ltr'>ipsos</span> 
     </span>
     <span class='ocr_line' id='line_1_24' title="bbox 115 2683 1163 2774; baseline 0.003 -30"><span class='ocrx_word' id='word_1_180' title='bbox 115 2683 210 2746; x_wconf 85' lang='lat' dir='ltr'>fuisse</span> <span class='ocrx_word' id='word_1_181' title='bbox 225 2705 243 2746; x_wconf 93' lang='lat' dir='ltr'>a</span> <span class='ocrx_word' id='word_1_182' title='bbox 256 2683 417 2774; x_wconf 85' lang='lat' dir='ltr'>Pamphilo</span> <span class='ocrx_word' id='word_1_183' title='bbox 431 2696 582 2770; x_wconf 83' lang='lat' dir='ltr'>receptos,</span> <span class='ocrx_word' id='word_1_184' title='bbox 605 2685 807 2764; x_wconf 88' lang='lat' dir='ltr'>cognoscitur,</span> <span class='ocrx_word' id='word_1_185' title='bbox 829 2687 856 2750; x_wconf 90' lang='lat' dir='ltr'>si</span> <span class='ocrx_word' id='word_1_186' title='bbox 866 2683 982 2748; x_wconf 88' lang='lat' dir='ltr'>Athen.</span> <span class='ocrx_word' id='word_1_187' title='bbox 994 2684 1045 2764; x_wconf 89' lang='grc' dir='ltr'>Π,</span> <span class='ocrx_word' id='word_1_188' title='bbox 1070 2687 1126 2768; x_wconf 78' lang='lat'>62,</span> <span class='ocrx_word' id='word_1_189' title='bbox 1139 2711 1163 2751; x_wconf 75' lang='lat' dir='ltr'>c.</span> 
     </span>
     <span class='ocr_line' id='line_1_25' title="bbox 118 2783 1163 2874; baseline 0.009 -28"><span class='ocrx_word' id='word_1_190' title='bbox 118 2807 188 2848; x_wconf 92' lang='lat' dir='ltr'>cum</span> <span class='ocrx_word' id='word_1_191' title='bbox 204 2788 360 2871; x_wconf 82' lang='lat' dir='ltr'>Hesychia</span> <span class='ocrx_word' id='word_1_192' title='bbox 382 2811 407 2852; x_wconf 88' lang='lat' dir='ltr'>s.</span> <span class='ocrx_word' id='word_1_193' title='bbox 422 2809 453 2851; x_wconf 82' lang='lat' dir='ltr'>v.</span> <span class='ocrx_word' id='word_1_194' title='bbox 473 2783 637 2866; x_wconf 79' lang='grc' dir='ltr'><strong><em>Μάκηρος</em></strong></span> <span class='ocrx_word' id='word_1_195' title='bbox 659 2808 877 2874; x_wconf 74' lang='lat' dir='ltr'>comparamus.</span> <span class='ocrx_word' id='word_1_196' title='bbox 919 2790 1082 2853; x_wconf 88' lang='lat' dir='ltr'>Praeterea</span> <span class='ocrx_word' id='word_1_197' title='bbox 1104 2791 1163 2855; x_wconf 88' lang='lat' dir='ltr'>Po·</span> 
     </span>
     <span class='ocr_line' id='line_1_26' title="bbox 117 2882 1164 2975; baseline 0.001 -24"><span class='ocrx_word' id='word_1_198' title='bbox 117 2891 248 2953; x_wconf 88' lang='lat' dir='ltr'>lemonis</span> <span class='ocrx_word' id='word_1_199' title='bbox 260 2889 560 2967; x_wconf 78' lang='lat' dir='ltr'>auctorintenirim,</span> <span class='ocrx_word' id='word_1_200' title='bbox 582 2888 641 2966; x_wconf 91' lang='lat' dir='ltr'>lX,</span> <span class='ocrx_word' id='word_1_201' title='bbox 665 2913 696 2975; x_wconf 87' lang='lat' dir='ltr'>p.</span> <span class='ocrx_word' id='word_1_202' title='bbox 716 2890 787 2969; x_wconf 83' lang='lat'>409,</span> <span class='ocrx_word' id='word_1_203' title='bbox 810 2890 840 2954; x_wconf 81' lang='lat' dir='ltr'>d.</span> <span class='ocrx_word' id='word_1_204' title='bbox 861 2887 940 2970; x_wconf 83' lang='grc' dir='ltr'><strong><em>,,τάς</em></strong></span> <span class='ocrx_word' id='word_1_205' title='bbox 961 2882 1164 2974; x_wconf 75' lang='grc' dir='ltr'><strong><em>άπομυγὸα·</em></strong></span> 
     </span>
     <span class='ocr_line' id='line_1_27' title="bbox 118 2984 1163 3074; baseline 0.003 -19"><span class='ocrx_word' id='word_1_206' title='bbox 118 2986 189 3067; x_wconf 84' lang='grc' dir='ltr'><strong><em>λιὰς</em></strong></span> <span class='ocrx_word' id='word_1_207' title='bbox 219 2985 449 3074; x_wconf 77' lang='grc' dir='ltr'><strong><em>ἀτιμάσαντες,</em></strong></span> <span class='ocrx_word' id='word_1_208' title='bbox 482 2984 522 3065; x_wconf 73' lang='grc' dir='ltr'>ἃς</span> <span class='ocrx_word' id='word_1_209' title='bbox 548 2984 807 3071; x_wconf 70' lang='grc' dir='ltr'><strong><em>Λακεδαιμόνιοι</em></strong></span> <span class='ocrx_word' id='word_1_210' title='bbox 833 2987 975 3056; x_wconf 76' lang='grc' dir='ltr'><strong><em>ἐκάλουν</em></strong></span> <span class='ocrx_word' id='word_1_211' title='bbox 1002 2991 1163 3072; x_wconf 73' lang='grc' dir='ltr'><strong><em>κυνάδας</em></strong></span> 
     </span>
     <span class='ocr_line' id='line_1_28' title="bbox 115 3083 1164 3176; baseline 0.001 -20"><span class='ocrx_word' id='word_1_212' title='bbox 115 3089 165 3169; x_wconf 78' lang='grc' dir='ltr'>άς</span> <span class='ocrx_word' id='word_1_213' title='bbox 186 3114 219 3173; x_wconf 87' lang='grc' dir='ltr'>φ.</span> <span class='ocrx_word' id='word_1_214' title='bbox 244 3087 460 3174; x_wconf 68' lang='lat' dir='ltr'>nortperto</span> <span class='ocrx_word' id='word_1_215' title='bbox 479 3094 522 3176; x_wconf 74' lang='grc' dir='ltr'>τῇ</span> <span class='ocrx_word' id='word_1_216' title='bbox 542 3089 618 3173; x_wconf 78' lang='grc' dir='ltr'>περὶ</span> <span class='ocrx_word' id='word_1_217' title='bbox 642 3086 832 3172; x_wconf 77' lang='grc' dir='ltr'><strong><em>Ὀνομάτων</em></strong></span> <span class='ocrx_word' id='word_1_218' title='bbox 856 3086 984 3168; x_wconf 79' lang='grc' dir='ltr'><strong><em>ἀδόξων</em></strong></span> <span class='ocrx_word' id='word_1_219' title='bbox 1008 3083 1164 3161; x_wconf 78' lang='grc' dir='ltr'><strong><em>Ἐπιστο-</em></strong></span> 
     </span>
     <span class='ocr_line' id='line_1_29' title="bbox 119 3187 1165 3282; baseline -0.006 -24"><span class='ocrx_word' id='word_1_220' title='bbox 119 3194 182 3279; x_wconf 59' lang='lat' dir='ltr'><em>W</em></span> <span class='ocrx_word' id='word_1_221' title='bbox 223 3195 358 3274; x_wconf 88' lang='lat' dir='ltr'>Hesych.</span> <span class='ocrx_word' id='word_1_222' title='bbox 385 3187 564 3271; x_wconf 67' lang='grc' dir='ltr'><strong><em>,μονάδες</em></strong></span> <span class='ocrx_word' id='word_1_223' title='bbox 599 3189 877 3276; x_wconf 46' lang='grc' dir='ltr'><strong><em>άτομυγδαλινὶιί,</em></strong></span> <span class='ocrx_word' id='word_1_224' title='bbox 899 3193 1020 3256; x_wconf 91' lang='lat' dir='ltr'>uthaec</span> <span class='ocrx_word' id='word_1_225' title='bbox 1037 3212 1165 3282; x_wconf 75' lang='lat' dir='ltr'>quoque</span> 
     </span>
     <span class='ocr_line' id='line_1_30' title="bbox 118 3293 1167 3382; baseline 0.001 -22"><span class='ocrx_word' id='word_1_226' title='bbox 118 3295 278 3380; x_wconf 89' lang='lat' dir='ltr'>Pamphilo</span> <span class='ocrx_word' id='word_1_227' title='bbox 307 3305 429 3379; x_wconf 89' lang='lat' dir='ltr'>accepta</span> <span class='ocrx_word' id='word_1_228' title='bbox 458 3293 581 3376; x_wconf 74' lang='lat' dir='ltr'>debeat,</span> <span class='ocrx_word' id='word_1_229' title='bbox 609 3318 781 3382; x_wconf 90' lang='lat' dir='ltr'>quanquam</span> <span class='ocrx_word' id='word_1_230' title='bbox 809 3296 862 3358; x_wconf 91' lang='lat' dir='ltr'>ubi</span> <span class='ocrx_word' id='word_1_231' title='bbox 886 3295 996 3357; x_wconf 82' lang='lat' dir='ltr'>itemm</span> <span class='ocrx_word' id='word_1_232' title='bbox 1020 3293 1167 3361; x_wconf 83' lang='lat' dir='ltr'>eiusdem</span> 
     </span>
     <span class='ocr_line' id='line_1_31' title="bbox 120 3388 1168 3483; baseline -0.002 -22"><span class='ocrx_word' id='word_1_233' title='bbox 120 3397 275 3475; x_wconf 75' lang='lat' dir='ltr'>maninit,</span> <span class='ocrx_word' id='word_1_234' title='bbox 296 3395 341 3474; x_wconf 90' lang='lat' dir='ltr'>ll,</span> <span class='ocrx_word' id='word_1_235' title='bbox 364 3397 420 3473; x_wconf 85' lang='lat'>55,</span> <span class='ocrx_word' id='word_1_236' title='bbox 444 3419 471 3459; x_wconf 90' lang='lat' dir='ltr'>e.</span> <span class='ocrx_word' id='word_1_237' title='bbox 492 3396 675 3482; x_wconf 77' lang='lat' dir='ltr'>„lloliporv</span> <span class='ocrx_word' id='word_1_238' title='bbox 695 3395 730 3464; x_wconf 75' lang='lat' dir='ltr'>tt</span> <span class='ocrx_word' id='word_1_239' title='bbox 751 3414 834 3483; x_wconf 80' lang='grc' dir='ltr'>φησι</span> <span class='ocrx_word' id='word_1_240' title='bbox 854 3388 933 3472; x_wconf 70' lang='grc' dir='ltr'><strong><em>τὀάς</em></strong></span> <span class='ocrx_word' id='word_1_241' title='bbox 955 3395 1168 3481; x_wconf 70' lang='grc' dir='ltr'><strong><em>Λακεδαιμο-</em></strong></span> 
     </span>
     <span class='ocr_line' id='line_1_32' title="bbox 120 3492 1169 3578; baseline 0 -15"><span class='ocrx_word' id='word_1_242' title='bbox 120 3498 214 3572; x_wconf 80' lang='grc' dir='ltr'><strong><em>νίους</em></strong></span> <span class='ocrx_word' id='word_1_243' title='bbox 234 3496 314 3574; x_wconf 71' lang='lat' dir='ltr'>roric</span> <span class='ocrx_word' id='word_1_244' title='bbox 333 3492 481 3578; x_wconf 78' lang='grc' dir='ltr'><strong><em>θέρμους</em></strong></span> <span class='ocrx_word' id='word_1_245' title='bbox 497 3502 688 3576; x_wconf 76' lang='grc' dir='ltr'><strong><em>λυσολαΐδας</em></strong></span> <span class='ocrx_word' id='word_1_246' title='bbox 708 3502 849 3578; x_wconf 46' lang='grc' dir='ltr'><strong><em>καλεῖνιι,</em></strong></span> <span class='ocrx_word' id='word_1_247' title='bbox 868 3501 902 3562; x_wconf 93' lang='lat' dir='ltr'>in</span> <span class='ocrx_word' id='word_1_248' title='bbox 913 3498 1073 3578; x_wconf 89' lang='lat' dir='ltr'>Hesychio</span> <span class='ocrx_word' id='word_1_249' title='bbox 1087 3502 1169 3563; x_wconf 78' lang='lat' dir='ltr'>nihil</span> 
     </span>
     <span class='ocr_line' id='line_1_33' title="bbox 120 3601 1169 3687; baseline 0.003 -24"><span class='ocrx_word' id='word_1_250' title='bbox 120 3602 255 3686; x_wconf 90' lang='lat' dir='ltr'>repperi,</span> <span class='ocrx_word' id='word_1_251' title='bbox 276 3601 335 3664; x_wconf 90' lang='lat' dir='ltr'>nisi</span> <span class='ocrx_word' id='word_1_252' title='bbox 350 3602 454 3679; x_wconf 86' lang='lat' dir='ltr'>fallor,</span> <span class='ocrx_word' id='word_1_253' title='bbox 475 3602 559 3687; x_wconf 89' lang='lat' dir='ltr'>quod</span> <span class='ocrx_word' id='word_1_254' title='bbox 576 3604 761 3678; x_wconf 76' lang='grc' dir='ltr'><strong><em>λυοιλαΐδες</em></strong></span> <span class='ocrx_word' id='word_1_255' title='bbox 780 3623 843 3665; x_wconf 83' lang='lat' dir='ltr'>vox</span> <span class='ocrx_word' id='word_1_256' title='bbox 867 3612 913 3663; x_wconf 88' lang='lat' dir='ltr'>est</span> <span class='ocrx_word' id='word_1_257' title='bbox 933 3610 1089 3683; x_wconf 82' lang='lat' dir='ltr'>corrupta,</span> <span class='ocrx_word' id='word_1_258' title='bbox 1116 3605 1169 3665; x_wconf 80' lang='lat' dir='ltr'>cir.</span> 
     </span>
     <span class='ocr_line' id='line_1_34' title="bbox 122 3701 1171 3791; baseline 0.002 -25"><span class='ocrx_word' id='word_1_259' title='bbox 122 3701 299 3785; x_wconf 84' lang='lat' dir='ltr'>Schweigh.</span> <span class='ocrx_word' id='word_1_260' title='bbox 310 3702 350 3767; x_wconf 89' lang='lat' dir='ltr'>ad</span> <span class='ocrx_word' id='word_1_261' title='bbox 365 3705 396 3764; x_wconf 91' lang='lat' dir='ltr'>h.</span> <span class='ocrx_word' id='word_1_262' title='bbox 407 3705 428 3765; x_wconf 91' lang='lat' dir='ltr'>l.</span> <span class='ocrx_word' id='word_1_263' title='bbox 441 3701 582 3767; x_wconf 89' lang='lat' dir='ltr'>Animm.</span> <span class='ocrx_word' id='word_1_264' title='bbox 599 3704 629 3784; x_wconf 94' lang='lat' dir='ltr'>I,</span> <span class='ocrx_word' id='word_1_265' title='bbox 650 3730 681 3791; x_wconf 89' lang='lat' dir='ltr'>p.</span> <span class='ocrx_word' id='word_1_266' title='bbox 694 3704 765 3770; x_wconf 78' lang='lat'>374.</span> <span class='ocrx_word' id='word_1_267' title='bbox 809 3703 912 3783; x_wconf 87' lang='lat' dir='ltr'>Quare</span> <span class='ocrx_word' id='word_1_268' title='bbox 925 3723 1019 3788; x_wconf 89' lang='lat' dir='ltr'>quum</span> <span class='ocrx_word' id='word_1_269' title='bbox 1033 3723 1073 3763; x_wconf 88' lang='lat' dir='ltr'>ea</span> <span class='ocrx_word' id='word_1_270' title='bbox 1088 3725 1171 3789; x_wconf 87' lang='lat' dir='ltr'>quo-</span> 
     </span>
     <span class='ocr_line' id='line_1_35' title="bbox 122 3804 1172 3894; baseline 0.007 -29"><span class='ocrx_word' id='word_1_271' title='bbox 122 3827 181 3890; x_wconf 92' lang='lat' dir='ltr'>que</span> <span class='ocrx_word' id='word_1_272' title='bbox 194 3808 389 3884; x_wconf 86' lang='lat' dir='ltr'>consentiant,</span> <span class='ocrx_word' id='word_1_273' title='bbox 410 3827 487 3890; x_wconf 88' lang='lat' dir='ltr'>quae</span> <span class='ocrx_word' id='word_1_274' title='bbox 508 3805 547 3867; x_wconf 92' lang='lat' dir='ltr'>de</span> <span class='ocrx_word' id='word_1_275' title='bbox 561 3808 712 3870; x_wconf 88' lang='lat' dir='ltr'>Laconico</span> <span class='ocrx_word' id='word_1_276' title='bbox 726 3809 847 3893; x_wconf 83' lang='lat' dir='ltr'>pocula,</span> <span class='ocrx_word' id='word_1_277' title='bbox 871 3804 1021 3881; x_wconf 82' lang='lat' dir='ltr'>Cothone,</span> <span class='ocrx_word' id='word_1_278' title='bbox 1039 3816 1172 3894; x_wconf 86' lang='lat' dir='ltr'>uterque</span> 
     </span>
     <span class='ocr_line' id='line_1_36' title="bbox 123 3902 1172 3994; baseline -0.001 -24"><span class='ocrx_word' id='word_1_279' title='bbox 123 3912 293 3994; x_wconf 80' lang='lat' dir='ltr'>proferunt,</span> <span class='ocrx_word' id='word_1_280' title='bbox 319 3912 370 3968; x_wconf 88' lang='lat' dir='ltr'>cl&#39;r.</span> <span class='ocrx_word' id='word_1_281' title='bbox 386 3906 503 3970; x_wconf 85' lang='lat' dir='ltr'>Athen.</span> <span class='ocrx_word' id='word_1_282' title='bbox 518 3907 584 3987; x_wconf 80' lang='lat' dir='ltr'>xl,</span> <span class='ocrx_word' id='word_1_283' title='bbox 606 3907 686 3987; x_wconf 80' lang='lat'>483,</span> <span class='ocrx_word' id='word_1_284' title='bbox 708 3910 895 3989; x_wconf 88' lang='lat' dir='ltr'>b.·Hesych.</span> <span class='ocrx_word' id='word_1_285' title='bbox 913 3929 938 3970; x_wconf 91' lang='lat' dir='ltr'>s.</span> <span class='ocrx_word' id='word_1_286' title='bbox 964 3928 994 3970; x_wconf 82' lang='lat' dir='ltr'>v.</span> <span class='ocrx_word' id='word_1_287' title='bbox 1018 3902 1172 3989; x_wconf 69' lang='grc' dir='ltr'><strong><em>Κάθου,</em></strong></span> 
     </span>
    </p>
   </div>
   <div class='ocr_carea' id='block_1_4' title="bbox 0 0 1295 4644">
    <p class='ocr_par' dir='ltr' id='par_1_5' title="bbox 0 0 1295 4644">
     <span class='ocr_line' id='line_1_37' title="bbox 0 0 1295 4644; baseline 0 0"><span class='ocrx_word' id='word_1_288' title='bbox 0 0 1295 4644; x_wconf 95' lang='lat' dir='ltr'> </span> 
     </span>
    </p>
   </div>
  </div>
 </body>
</html>
