2534 4644
100 429 342 512 Hesychianum,
366 429 451 492 errius
471 428 631 495 historiam
646 432 783 515 rsaxirna
803 433 1037 495 memorabilem
1057 437 1144 498 multi

98 533 180 618 iique
195 534 301 595 eximii
321 532 465 593 homines
478 522 663 613 tetigenmt,
673 518 774 619 neque
788 545 893 623 tamen
905 535 1066 621 quisquam
1077 539 1143 621 ple-

99 657 139 697 ne
155 637 239 697 et-ab
254 634 341 696 omni
354 643 438 718 parte
451 634 577 696 feliciter
588 637 733 699 tractavit.
777 620 958 715 Quare'iron
972 634 1142 717 defuerunt,

100 739 152 823 qui
166 758 237 799 eam
259 735 299 798 de
318 736 435 815 integro
457 756 524 798 esse
545 737 770 822 suscipiendam
791 737 1000 821 quaestionem
1022 740 1142 823 publice

99 841 327 926 profiterentur,
336 838 425 901 inter
439 859 515 922 quos
529 840 656 900 honoris
672 860 777 902 caussa
788 837 1025 921 Bernhardymn
1038 842 1142 904 nomi-

100 952 159 1020 no,
180 942 362 1019 Halensem,
395 941 449 1003 cfr.
473 939 721 1006 Wissenschaffl.
735 939 824 1023 Synt.
838 938 881 1002 rt.
892 937 1012 1005 Griech.
1028 931 1095 1027 Spr.
1109 966 1141 1029 p.

101 1043 168 1107 45.·
194 1040 261 1123 Ego
282 1062 343 1128 quo
364 1051 503 1125 tempore
514 1038 732 1126 Aristophanis
750 1040 917 1105 comoediis
939 1065 1065 1128 operam
1085 1066 1142 1107 na-

100 1166 172 1209 vare
192 1145 393 1232 incipiebam,
415 1143 542 1206 consilio
563 1165 636 1206 meo
658 1164 728 1206 cum
749 1145 789 1206 ad
803 1157 917 1208 ceteros
929 1145 1141 1225 grammaufcns

100 1260 133 1310 et
144 1247 376 1332 lexicographos
388 1256 456 1306 tum
468 1244 722 1328 praeterSuidam
732 1247 892 1333 praecipue
905 1244 1142 1330 adHesychium

100 1348 233 1429 delatus,
255 1347 426 1412 studiorum
439 1367 581 1409 meorum
593 1348 726 1427 ratione,
748 1347 790 1412 ad
805 1348 996 1434 quaestiones
1011 1348 1050 1412 de
1063 1350 1141 1413 libris
1221 1420 1236 1441 μ

100 1474 162 1536 quo
176 1453 283 1513 utebar
299 1460 422 1511 auctore
436 1448 635 1513 instituendas
654 1452 781 1513 ferebar.
824 1449 911 1512 Felix
925 1462 1060 1530 eventus,
1081 1452 1140 1514 nisi

101 1554 204 1631 fallor,
225 1552 303 1613 mihi
316 1574 382 1614 non
399 1550 504 1614 defuit.
536 1549 626 1632 Quae
639 1565 742 1615 autem
754 1553 923 1639 repperisse
934 1550 1141 1635 mihiqideor,

102 1675 139 1715 ea
151 1653 215 1714 iam
227 1675 298 1716 cum
309 1652 495 1716 eruditonrm
507 1655 601 1717 choro
616 1656 899 1737 communicaturis,
920 1653 1064 1718 non-sine
1074 1675 1143 1720 ma-

102 1776 162 1835 gna
184 1777 256 1841 spe,
284 1777 336 1818 me
355 1776 464 1820 omnes
477 1757 509 1818 in
526 1777 629 1819 meam
642 1758 826 1821 sententiam
838 1768 1013 1836 nacturum,
1035 1754 1092 1820 sed
1105 1776 1142 1826 ea

101 1857 253 1920 modestia
263 1857 397 1944 prodeo,
419 1880 498 1945 qnae
515 1859 549 1921 in
562 1860 611 1923 his
633 1858 755 1938 studiis,
777 1880 949 1945 quanquam
963 1878 1073 1921 omnes
1087 1855 1142 1933 ‹te-

101 1971 165 2039 cet',
185 1972 290 2023 tamen
306 1985 377 2038 non,
389 1984 458 2025 raro
481 1960 674 2024 desiderauit.
716 1959 768 2024 De
787 1983 909 2025 summa
932 1963 992 2042 rei,
1025 1963 1143 2047 opinor,

104 2084 167 2123 non
181 2061 377 2128 dubitabitrn:
398 2067 432 2126 in
446 2065 571 2144 singulis
584 2064 612 2127 si
625 2067 739 2128 multos
754 2086 870 2129 errores
884 2063 1073 2147 admiserim,
1094 2063 1143 2126 itr-

104 2170 184 2229 stam
196 2165 464 2251 reprehensionem
481 2187 545 2228 non
558 2166 685 2245 refugio.
700 2190 703 2194 ·
