2534 4644
160 443 354 530 inscriptione
373 441 482 505 Suidas
503 462 567 502 non
583 438 739 503 indicavit.
787 439 891 520 Quare
917 435 1009 504 bene'
1024 441 1064 503 sit
1081 439 1216 520 Photio,

160 549 213 633 qui
233 567 291 610 nos
306 545 442 607 dubitare
461 553 492 604 ct
510 543 640 603 incertos
659 562 733 621 ειη
747 562 811 604 non
828 544 907 606 sinit.
950 541 981 606 Is
1000 543 1083 603 enim
1098 543 1135 604 in
1154 542 1219 606 Bi:

159 649 266 711 blioth.
290 645 357 707 cod.
380 645 449 709 145.
471 655 502 705 et
525 641 594 706 149.
613 641 748 725 poeticas
770 666 864 707 voces
889 666 908 705 a
926 643 1123 723 Diogeniano
1141 667 1217 708 csse

178 752 299 810 ollectas
322 747 438 809 disertis
460 744 561 808 verbis
588 743 756 827 perhibuit,
784 767 815 829 p.
836 751 893 822 99,
927 767 954 806 a.
976 744 1006 807 4.
1033 745 1081 807 ed.
1106 745 1215 810 Bekk

54 772 341 1039 melosi,
299 844 336 912 di
356 843 479 929 λόγουιι
501 845 540 906 de
561 842 701 905 Helladio
725 845 766 904 ait
794 841 938 922 ,locs
902 867 941 910 το
963 849 1119 919 πλεῖστον
1140 851 1217 913 τῶν

196 949 276 1028 ξιον
321 941 395 1012 ἀλλ’
424 942 499 1036 ου’χὶ
527 947 719 1027 ποιητικοῦ,
747 941 852 1025 ὥςπερ
880 941 1139 1034 ἡΔιογενιανῷ
1162 946 1217 1015 ἐκ·

114 1117 116 1122 .
159 1055 343 1135 ποιηθεῖσα
365 1044 525 1132 συλλογή“
545 1046 688 1132 idemque
707 1049 825 1132 repetiit
842 1048 875 1108 in
891 1048 979 1109 lexici
999 1050 1102 1112 suiad
1118 1052 1216 1115 Tho-

158 1170 244 1217 utam
262 1153 365 1214 nescio
386 1173 479 1237 quem
495 1150 683 1235 praefatione
712 1148 776 1226 „ol
793 1151 861 1213 suiv
881 1146 1000 1243 idiensi
1019 1151 1115 1215 κλεί
1121 1175 1215 1231 ους,

159 1253 233 1335 περὶ
256 1249 296 1329 ἃς
318 1248 355 1317 τὸ
378 1246 552 1335 ποιητικὸν
579 1245 710 1331 νέμεται
738 1247 836 1327 ἔθνος
862 1246 1224 1335 strenuissimum..

159 1379 220 1433 τον
243 1360 312 1431 τοῖς
334 1351 549 1440 βουλομένοις
569 1349 722 1433 παρέχειν
732 1354 941 1438 Διογενιανῷ
951 1350 1220 1436 σονελέγησαν“,

159 1459 317 1546 qtcomodo
345 1459 438 1520 verba
461 1453 619 1518 scribenda
646 1475 714 1515 esse
734 1453 810 1516 vidit
828 1454 1026 1516 Ruhnkcnius
1045 1459 1146 1540 praef.
1179 1482 1220 1544 p.

81 1569 87 1574 ’
159 1562 204 1626 Χ.
248 1558 343 1621 Adde
356 1559 444 1619 Phot.
457 1557 582 1617 Porson.
604 1576 636 1638 p.
651 1558 723 1618 686.
748 1554 798 1640 (p.
819 1556 890 1620 593.
905 1556 953 1619 ed.
968 1556 1070 1641 Lips.)
1117 1559 1219 1624 Haec

158 1663 248 1741 igitur
260 1658 372 1720 Suidae
385 1657 545 1740 Photiique
561 1657 733 1718 testimonia
753 1658 896 1718 facillime
912 1658 1163 1740 coniunguntur,
1185 1676 1220 1725 et-

159 1755 227 1825 sese
243 1759 375 1822 invicem
397 1759 559 1844 explicant..
607 1755 817 1836 Quamobrem
835 1758 868 1819 id
890 1759 993 1842 ipsum
1013 1761 1108 1822 simul
1131 1784 1217 1839 eon-
1258 1796 1259 1815 ι

158 1865 307 1938 lirmatm,
335 1859 418 1945 quod
437 1882 494 1945 pro
512 1882 585 1923 vero
612 1863 767 1943 hucusque
794 1859 975 1936 sumsimus,
1001 1859 1157 1926 Photium
1183 1879 1217 1928 et

159 1964 288 2051 Spidom
306 1985 369 2024 non
393 1960 433 2022 de
458 1961 577 2024 diverso
596 1962 688 2044 loqui
709 1960 893 2040 Diogeniani
909 1961 1025 2043 lexico,
1054 1978 1087 2026 et
1107 1989 1216 2033 errare

145 2038 393 2175 fflptemum
422 2064 474 2147 qui
498 2086 531 2125 re
560 2085 624 2124 non
648 2065 795 2148 pensitato
818 2063 997 2124 contrariam
1020 2071 1216 2135 sententiam

157 2156 380 2256 pronuntiavit,
408 2169 503 2249 praef.
531 2187 562 2250 p.
582 2163 627 2227 X.
671 2165 777 2248 Neque
802 2166 965 2226 obscurum
990 2177 1049 2244 est,
1066 2169 1216 2236 ¹lexicon

159 2291 177 2332 a
198 2268 309 2333 Photio
331 2280 361 2329 et
382 2267 477 2328 Suida
496 2269 687 2329 nominatum
705 2265 789 2328 idem
810 2288 892 2345 esse,
916 2267 998 2353 quod
1018 2269 1215 2357 Hesychius,

158 2368 378 2432 uthuhnkenii
391 2371 492 2431 verbis
506 2381 585 2444 utar,
607 2390 678 2456 cum
693 2368 863 2451 pulvisculo
883 2369 1030 2432 exhausit.
1074 2373 1166 2438 Nam
1179 2389 1217 2440 ut

157 2482 288 2547 taceam,
310 2469 410 2542 afferri
422 2489 460 2529 ex
471 2466 662 2546 Diogeniano
676 2489 801 2544 vocem,
824 2489 901 2553 quac
913 2469 996 2555 apud
1010 2473 1216 2556 Hesychium

158 2582 269 2649 exstat,
296 2580 435 2632 nostium
454 2569 573 2639 lexicon
592 2591 625 2630 re
645 2590 718 2632 vera
736 2569 870 2654 poeticas
895 2574 1091 2658 potissimum
1109 2600 1216 2646 voces

159 2674 300 2734 continet.
342 2669 388 2732 Ita
399 2671 500 2733 visum
513 2682 559 2733 est
572 2670 752 2734 doctissimis
765 2674 956 2755 hominibus,
965 2697 1107 2765 ,quorum
1120 2701 1215 2746 nunc

106 2762 111 2769 ’
158 2774 320 2837 Heinsium
337 2772 550 2835 tantummodo
570 2774 712 2854 nomino,
735 2771 1019 2860 quiincodice'suo
1032 2789 1215 2864 notaverat,-

157 2877 388 2959 Hesychianum
405 2877 525 2937 lexicon
543 2877 719 2938 thesaurum
732 2899 799 2940 esse
819 2903 903 2957 „non
916 2893 979 2943 tam
992 2877 1130 2942 Graecae
1146 2888 1216 2951 lin.

18 2980 32 3007 *
158 2999 244 3060 guae,
253 2997 345 3060 quam
351 2977 545 3054 Poetarum“,
562 2978 956 3040 csr.testimoniainAlberti
967 2979 1037 3039 edit.
1046 2991 1119 3038 extr.
1129 3004 1214 3069 pag,

165 3108 168 3115 ·
242 3077 413 3157 Hesychius
426 3090 528 3139 autem
539 3079 616 3139 nihil
629 3078 670 3138 ait
682 3077 721 3138 de
734 3077 848 3160 politis,
869 3079 945 3139 nihil
958 3078 996 3141 de
1009 3078 1099 3141 valiis
1114 3087 1213 3161 glos.

18 3168 25 3187 ’
155 3178 197 3243 sis
211 3177 244 3240 in
256 3178 368 3240 librum
388 3180 530 3261 receptis,
552 3178 608 3240 sed
627 3178 738 3239 omnia:
751 3179 890 3241 omnium
911 3181 1090 3266 scriptorum
1102 3205 1211 3253 vocs.

144 3262 229 3342 'buta
241 3300 311 3342 esse
328 3300 346 3340 a
358 3277 549 3357 Diogeniano
564 3282 703 3358 collecta,
724 3303 787 3343 non
802 3285 904 3345 solum
916 3283 1093 3369 Epicurum,
1103 3285 1209 3364 <Tra-

158 3381 308 3460 gicorum,
342 3379 552 3458 comicorum,
590 3382 645 3444 sed
671 3385 762 3445 etiam
787 3384 965 3465 Oratosum,
994 3384 1206 3474 Medicorum,

156 3480 386 3543 Historicortun.
437 3479 580 3568 Quod
556 3506 582 3546 οι
607 3507 679 3548 vere
701 3484 909 3565 Diogenionus
933 3490 1091 3565 voluisset,
1124 3493 1210 3591 quid

158 3578 297 3648 Galenus
320 3596 423 3644 contra
441 3606 514 3645 emn
534 3583 729 3670 disputasset,
758 3589 810 3673 qui
828 3589 862 3650 in
882 3594 1007 3674 praefat
1029 3588 1068 3650 ad
1081 3611 1206 3658 vocum

155 3683 435 3801 Hippocraticarum
465 3688 723 3770 explanationem,
759 3689 972 3754 Dioscoridcm
998 3693 1207 3760 vehementer

76 3818 127 3859 -.„
154 3783 360 3867 reprehendit,
380 3787 431 3870 qui
445 3789 549 3866 omnia
562 3791 754 3875 Hippocraffi
771 3795 920 3858 vocabula
938 3817 973 3858 se
986 3794 1205 3880 expositunnh

37 3946 65 3979 ἡ..
153 3886 303 3970 pollicitus
316 3889 427 3965 fuerat,
449 3888 504 3950 sed
525 3901 560 3951 ut
580 3888 713 3956 Galenus
735 3894 791 3974 ait,
812 3919 851 3958 ne
870 3898 988 3959 tertiam
1007 3895 1136 3982 quidem
1149 3908 1206 3964 aut

142 3995 288 4087 ,quassam
301 4000 418 4073 partem
438 3991 576 4054 omnium
597 3999 815 4060 vocabulorum
829 4000 1021 4085 Hippocratis
1041 4003 1205 4084 exposue-
