<?xml version="1.0" encoding="UTF-8"?>
<!DOCTYPE html PUBLIC "-//W3C//DTD XHTML 1.0 Transitional//EN"
    "http://www.w3.org/TR/xhtml1/DTD/xhtml1-transitional.dtd">
<html xmlns="http://www.w3.org/1999/xhtml" xml:lang="en" lang="en">
 <head>
  <title>
</title>
<meta http-equiv="Content-Type" content="text/html;charset=utf-8" />
  <meta name='ocr-system' content='tesseract 3.04.00' />
  <meta name='ocr-capabilities' content='ocr_page ocr_carea ocr_par ocr_line ocrx_word'/>
</head>
<body>
  <div class='ocr_page' id='page_1' title='image "./caroliferdinand00rankgoog_0080.png"; bbox 0 0 2534 4644; ppageno 0'>
   <div class='ocr_carea' id='block_1_1' title="bbox 64 437 1252 4091">
    <p class='ocr_par' dir='ltr' id='par_1_1' title="bbox 101 437 1252 2187">
     <span class='ocr_line' id='line_1_1' title="bbox 110 437 1152 550; baseline -0.003 -28"><span class='ocrx_word' id='word_1_1' title='bbox 110 472 163 538; x_wconf 76' lang='lat' dir='ltr'>rat,</span> <span class='ocrx_word' id='word_1_2' title='bbox 185 440 238 522; x_wconf 78' lang='lat' dir='ltr'>cfr.</span> <span class='ocrx_word' id='word_1_3' title='bbox 252 483 283 546; x_wconf 88' lang='lat' dir='ltr'>p.</span> <span class='ocrx_word' id='word_1_4' title='bbox 299 459 374 523; x_wconf 67' lang='lat'>⁴102.¹</span> <span class='ocrx_word' id='word_1_5' title='bbox 387 457 435 520; x_wconf 90' lang='lat' dir='ltr'>ed.</span> <span class='ocrx_word' id='word_1_6' title='bbox 448 459 554 546; x_wconf 85' lang='lat' dir='ltr'>Franz.</span> <span class='ocrx_word' id='word_1_7' title='bbox 585 456 632 518; x_wconf 87' lang='lat' dir='ltr'>-At</span> <span class='ocrx_word' id='word_1_8' title='bbox 644 457 747 550; x_wconf 80' lang='lat' dir='ltr'>noster</span> <span class='ocrx_word' id='word_1_9' title='bbox 758 458 939 539; x_wconf 82' lang='lat' dir='ltr'>Hesychius,</span> <span class='ocrx_word' id='word_1_10' title='bbox 952 469 986 519; x_wconf 92' lang='lat' dir='ltr'>ut</span> <span class='ocrx_word' id='word_1_11' title='bbox 1001 437 1152 538; x_wconf 61' lang='lat' dir='ltr'>graminass</span> 
     </span>
     <span class='ocr_line' id='line_1_2' title="bbox 108 557 1151 646; baseline 0.001 -24"><span class='ocrx_word' id='word_1_12' title='bbox 108 563 237 640; x_wconf 89' lang='lat' dir='ltr'>ticorum</span> <span class='ocrx_word' id='word_1_13' title='bbox 249 561 401 646; x_wconf 80' lang='lat' dir='ltr'><strong>permulti,</strong></span> <span class='ocrx_word' id='word_1_14' title='bbox 417 558 671 644; x_wconf 69' lang='lat' dir='ltr'>discrimenquod</span> <span class='ocrx_word' id='word_1_15' title='bbox 687 572 732 621; x_wconf 90' lang='lat' dir='ltr'>est</span> <span class='ocrx_word' id='word_1_16' title='bbox 744 560 822 622; x_wconf 87' lang='lat' dir='ltr'>inter</span> <span class='ocrx_word' id='word_1_17' title='bbox 834 557 979 641; x_wconf 74' lang='grc' dir='ltr'><strong><em>γλώττας</em></strong></span> <span class='ocrx_word' id='word_1_18' title='bbox 993 572 1023 622; x_wconf 92' lang='lat' dir='ltr'>et</span> <span class='ocrx_word' id='word_1_19' title='bbox 1044 557 1151 638; x_wconf 75' lang='grc' dir='ltr'><strong><em>λέξεις,</em></strong></span> 
     </span>
     <span class='ocr_line' id='line_1_3' title="bbox 107 656 1152 747; baseline -0.001 -24"><span class='ocrx_word' id='word_1_20' title='bbox 107 664 150 725; x_wconf 93' lang='lat' dir='ltr'>ibi</span> <span class='ocrx_word' id='word_1_21' title='bbox 171 685 189 724; x_wconf 93' lang='lat' dir='ltr'>a</span> <span class='ocrx_word' id='word_1_22' title='bbox 208 661 327 747; x_wconf 63' lang='lat' dir='ltr'>(jaleno</span> <span class='ocrx_word' id='word_1_23' title='bbox 352 662 524 746; x_wconf 83' lang='lat' dir='ltr'>expositum</span> <span class='ocrx_word' id='word_1_24' title='bbox 542 661 727 740; x_wconf 77' lang='lat' dir='ltr'>negligebat,</span> <span class='ocrx_word' id='word_1_25' title='bbox 751 671 781 721; x_wconf 88' lang='lat' dir='ltr'>et</span> <span class='ocrx_word' id='word_1_26' title='bbox 805 663 847 722; x_wconf 84' lang='lat' dir='ltr'>ita</span> <span class='ocrx_word' id='word_1_27' title='bbox 870 683 978 723; x_wconf 90' lang='lat' dir='ltr'>omnes</span> <span class='ocrx_word' id='word_1_28' title='bbox 1002 656 1152 742; x_wconf 64' lang='grc' dir='ltr'><strong><em>γλώσσας</em></strong></span> 
     </span>
     <span class='ocr_line' id='line_1_4' title="bbox 108 758 1151 853; baseline -0.003 -28"><span class='ocrx_word' id='word_1_29' title='bbox 108 762 248 825; x_wconf 85' lang='lat' dir='ltr'>omnium</span> <span class='ocrx_word' id='word_1_30' title='bbox 262 765 312 825; x_wconf 85' lang='lat' dir='ltr'>vel</span> <span class='ocrx_word' id='word_1_31' title='bbox 333 758 389 837; x_wconf 77' lang='grc' dir='ltr'><strong><em>τοὶς</em></strong></span> <span class='ocrx_word' id='word_1_32' title='bbox 411 759 611 845; x_wconf 77' lang='grc' dir='ltr'><strong><em>ζητουμένοις</em></strong></span> <span class='ocrx_word' id='word_1_33' title='bbox 629 758 728 836; x_wconf 75' lang='grc' dir='ltr'><strong><em>λέξεις</em></strong></span> <span class='ocrx_word' id='word_1_34' title='bbox 749 760 976 840; x_wconf 87' lang='lat' dir='ltr'>Diogenianurn</span> <span class='ocrx_word' id='word_1_35' title='bbox 998 763 1151 853; x_wconf 59' lang='lat' dir='ltr'>conquisi7</span> 
     </span>
     <span class='ocr_line' id='line_1_5' title="bbox 107 861 1156 948; baseline 0 -21"><span class='ocrx_word' id='word_1_36' title='bbox 107 866 188 941; x_wconf 75' lang='lat' dir='ltr'>risse</span> <span class='ocrx_word' id='word_1_37' title='bbox 200 864 355 942; x_wconf 81' lang='lat' dir='ltr'>enarravit.</span> <span class='ocrx_word' id='word_1_38' title='bbox 399 863 463 925; x_wconf 86' lang='lat' dir='ltr'>Sed</span> <span class='ocrx_word' id='word_1_39' title='bbox 480 865 522 926; x_wconf 89' lang='lat' dir='ltr'>ita</span> <span class='ocrx_word' id='word_1_40' title='bbox 545 884 666 948; x_wconf 89' lang='lat' dir='ltr'>quoque</span> <span class='ocrx_word' id='word_1_41' title='bbox 684 861 803 924; x_wconf 81' lang='lat' dir='ltr'>videtur</span> <span class='ocrx_word' id='word_1_42' title='bbox 820 874 850 923; x_wconf 88' lang='lat' dir='ltr'>et</span> <span class='ocrx_word' id='word_1_43' title='bbox 864 862 977 926; x_wconf 88' lang='lat' dir='ltr'>Suidae</span> <span class='ocrx_word' id='word_1_44' title='bbox 995 876 1025 926; x_wconf 93' lang='lat' dir='ltr'>et</span> <span class='ocrx_word' id='word_1_45' title='bbox 1037 864 1156 927; x_wconf 79' lang='lat' dir='ltr'>Photi&#39;o&#39;</span> 
     </span>
     <span class='ocr_line' id='line_1_6' title="bbox 107 888 1252 1057; baseline -0.003 -31"><span class='ocrx_word' id='word_1_46' title='bbox 107 965 267 1028; x_wconf 81' lang='lat' dir='ltr'>adversari.</span> <span class='ocrx_word' id='word_1_47' title='bbox 297 966 301 975; x_wconf 90' lang='lat'>&#39;</span> <span class='ocrx_word' id='word_1_48' title='bbox 336 1016 343 1022; x_wconf 86' lang='lat'><strong>.</strong></span> <span class='ocrx_word' id='word_1_49' title='bbox 946 970 950 975; x_wconf 78' lang='grc'><strong>’</strong></span> <span class='ocrx_word' id='word_1_50' title='bbox 1092 989 1094 994; x_wconf 32' lang='lat' dir='ltr'>v</span> <span class='ocrx_word' id='word_1_51' title='bbox 1130 888 1252 1057; x_wconf 46' lang='grc' dir='ltr'><strong><em>θ</em></strong></span> 
     </span>
     <span class='ocr_line' id='line_1_7' title="bbox 191 1056 1244 1152; baseline 0 -24"><span class='ocrx_word' id='word_1_52' title='bbox 191 1066 390 1130; x_wconf 83' lang='lat' dir='ltr'>Rulrnkenius</span> <span class='ocrx_word' id='word_1_53' title='bbox 401 1079 506 1128; x_wconf 89' lang='lat' dir='ltr'>tamen</span> <span class='ocrx_word' id='word_1_54' title='bbox 519 1067 711 1146; x_wconf 88' lang='lat' dir='ltr'>Hesychium</span> <span class='ocrx_word' id='word_1_55' title='bbox 729 1065 784 1127; x_wconf 81' lang='lat' dir='ltr'>ivit</span> <span class='ocrx_word' id='word_1_56' title='bbox 801 1065 972 1128; x_wconf 84' lang='lat' dir='ltr'>defensum.</span> <span class='ocrx_word' id='word_1_57' title='bbox 1014 1065 1150 1147; x_wconf 80' lang='lat' dir='ltr'>‚,Recte“</span> <span class='ocrx_word' id='word_1_58' title='bbox 1193 1144 1197 1152; x_wconf 26' lang='grc' dir='ltr'>Ι</span> <span class='ocrx_word' id='word_1_59' title='bbox 1233 1056 1244 1081; x_wconf 54' lang='lat'><em>³</em></span> 
     </span>
     <span class='ocr_line' id='line_1_8' title="bbox 106 1164 1150 1263; baseline 0.003 -37"><span class='ocrx_word' id='word_1_60' title='bbox 106 1166 147 1226; x_wconf 92' lang='lat' dir='ltr'>ait</span> <span class='ocrx_word' id='word_1_61' title='bbox 167 1164 461 1263; x_wconf 50' lang='lat' dir='ltr'>„Hesychius&#39;ssxiu</span> <span class='ocrx_word' id='word_1_62' title='bbox 484 1165 711 1246; x_wconf 85' lang='lat' dir='ltr'>Diogenianurn</span> <span class='ocrx_word' id='word_1_63' title='bbox 726 1167 826 1228; x_wconf 86' lang='lat' dir='ltr'>omnis</span> <span class='ocrx_word' id='word_1_64' title='bbox 847 1168 963 1245; x_wconf 85' lang='lat' dir='ltr'>generis</span> <span class='ocrx_word' id='word_1_65' title='bbox 976 1170 1069 1230; x_wconf 70' lang='lat' dir='ltr'>uoces</span> <span class='ocrx_word' id='word_1_66' title='bbox 1085 1170 1150 1229; x_wconf 92' lang='lat' dir='ltr'>col-</span> 
     </span>
     <span class='ocr_line' id='line_1_9' title="bbox 104 1258 1147 1352; baseline 0.004 -23"><span class='ocrx_word' id='word_1_67' title='bbox 104 1270 229 1349; x_wconf 80' lang='lat' dir='ltr'>legisse,</span> <span class='ocrx_word' id='word_1_68' title='bbox 249 1282 330 1333; x_wconf 89' lang='lat' dir='ltr'>recte</span> <span class='ocrx_word' id='word_1_69' title='bbox 343 1258 486 1346; x_wconf 85' lang='lat' dir='ltr'>Photius,</span> <span class='ocrx_word' id='word_1_70' title='bbox 509 1266 642 1330; x_wconf 89' lang='lat' dir='ltr'>eundem</span> <span class='ocrx_word' id='word_1_71' title='bbox 664 1269 783 1331; x_wconf 85' lang='lat' dir='ltr'>lexicon</span> <span class='ocrx_word' id='word_1_72' title='bbox 801 1268 957 1352; x_wconf 64' lang='lat' dir='ltr'>poeticum</span> <span class='ocrx_word' id='word_1_73' title='bbox 970 1271 1147 1333; x_wconf 75' lang='lat' dir='ltr'><strong>confecisse.</strong></span> 
     </span>
     <span class='ocr_line' id='line_1_10' title="bbox 103 1367 1147 1456; baseline 0.003 -27"><span class='ocrx_word' id='word_1_74' title='bbox 103 1368 226 1445; x_wconf 87' lang='lat' dir='ltr'>Etenim</span> <span class='ocrx_word' id='word_1_75' title='bbox 251 1394 290 1433; x_wconf 90' lang='lat' dir='ltr'>ex</span> <span class='ocrx_word' id='word_1_76' title='bbox 309 1370 481 1453; x_wconf 82' lang='lat' dir='ltr'>Hesychio,</span> <span class='ocrx_word' id='word_1_77' title='bbox 509 1368 625 1446; x_wconf 82' lang='lat' dir='ltr'>idest,</span> <span class='ocrx_word' id='word_1_78' title='bbox 652 1371 694 1431; x_wconf 74' lang='lat' dir='ltr'>&#39;ex</span> <span class='ocrx_word' id='word_1_79' title='bbox 713 1371 782 1455; x_wconf 91' lang='lat' dir='ltr'>ipso</span> <span class='ocrx_word' id='word_1_80' title='bbox 806 1367 998 1448; x_wconf 89' lang='lat' dir='ltr'>Diogeniano</span> <span class='ocrx_word' id='word_1_81' title='bbox 1022 1374 1147 1456; x_wconf 82' lang='lat' dir='ltr'>constat,</span> 
     </span>
     <span class='ocr_line' id='line_1_11' title="bbox 104 1470 1146 1554; baseline 0.002 -24"><span class='ocrx_word' id='word_1_82' title='bbox 104 1472 253 1551; x_wconf 84' lang='lat' dir='ltr'>maiorem</span> <span class='ocrx_word' id='word_1_83' title='bbox 280 1492 297 1532; x_wconf 89' lang='lat' dir='ltr'>a</span> <span class='ocrx_word' id='word_1_84' title='bbox 323 1470 515 1551; x_wconf 86' lang='lat' dir='ltr'>Diogeniano</span> <span class='ocrx_word' id='word_1_85' title='bbox 545 1471 695 1533; x_wconf 86' lang='lat' dir='ltr'>rationem</span> <span class='ocrx_word' id='word_1_86' title='bbox 716 1472 852 1533; x_wconf 84' lang='lat' dir='ltr'>habitam</span> <span class='ocrx_word' id='word_1_87' title='bbox 879 1492 947 1532; x_wconf 87' lang='lat' dir='ltr'>esse</span> <span class='ocrx_word' id='word_1_88' title='bbox 975 1470 1146 1554; x_wconf 72' lang='lat' dir='ltr'>poetarum,</span> 
     </span>
     <span class='ocr_line' id='line_1_12' title="bbox 105 1570 1250 1665; baseline 0.007 -37"><span class='ocrx_word' id='word_1_89' title='bbox 105 1590 196 1653; x_wconf 92' lang='lat' dir='ltr'>quam</span> <span class='ocrx_word' id='word_1_90' title='bbox 217 1573 269 1654; x_wconf 94' lang='lat' dir='ltr'>qui</span> <span class='ocrx_word' id='word_1_91' title='bbox 287 1575 385 1634; x_wconf 88' lang='lat' dir='ltr'>soluta</span> <span class='ocrx_word' id='word_1_92' title='bbox 404 1575 539 1634; x_wconf 89' lang='lat' dir='ltr'>oratione</span> <span class='ocrx_word' id='word_1_93' title='bbox 557 1575 758 1658; x_wconf 88' lang='lat' dir='ltr'>scripserunt“</span> <span class='ocrx_word' id='word_1_94' title='bbox 774 1575 847 1633; x_wconf 72' lang='lat' dir='ltr'>&#39;cett</span> <span class='ocrx_word' id='word_1_95' title='bbox 897 1570 1004 1656; x_wconf 83' lang='lat' dir='ltr'>Neque</span> <span class='ocrx_word' id='word_1_96' title='bbox 1024 1572 1058 1634; x_wconf 94' lang='lat' dir='ltr'>id</span> <span class='ocrx_word' id='word_1_97' title='bbox 1080 1573 1147 1636; x_wconf 73' lang='lat' dir='ltr'>tute</span> <span class='ocrx_word' id='word_1_98' title='bbox 1226 1636 1250 1665; x_wconf 63' lang='lat' dir='ltr'>n</span> 
     </span>
     <span class='ocr_line' id='line_1_13' title="bbox 103 1668 1250 1756; baseline 0.008 -27"><span class='ocrx_word' id='word_1_99' title='bbox 103 1671 207 1749; x_wconf 88' lang='lat' dir='ltr'>negari</span> <span class='ocrx_word' id='word_1_100' title='bbox 225 1685 335 1756; x_wconf 90' lang='lat' dir='ltr'>potest.</span> <span class='ocrx_word' id='word_1_101' title='bbox 379 1675 651 1753; x_wconf 87' lang='lat' dir='ltr'>Sed-Hesychiurn</span> <span class='ocrx_word' id='word_1_102' title='bbox 670 1698 734 1738; x_wconf 91' lang='lat' dir='ltr'>non</span> <span class='ocrx_word' id='word_1_103' title='bbox 757 1683 892 1735; x_wconf 85' lang='lat' dir='ltr'>accurate</span> <span class='ocrx_word' id='word_1_104' title='bbox 913 1695 980 1736; x_wconf 85' lang='lat' dir='ltr'>esse</span> <span class='ocrx_word' id='word_1_105' title='bbox 999 1676 1146 1744; x_wconf 77' lang='lat' dir='ltr'>locutum,</span> <span class='ocrx_word' id='word_1_106' title='bbox 1241 1668 1250 1675; x_wconf 69' lang='grc'><strong><em>’</em></strong></span> 
     </span>
     <span class='ocr_line' id='line_1_14' title="bbox 103 1765 1145 1856; baseline 0.006 -23"><span class='ocrx_word' id='word_1_107' title='bbox 103 1765 134 1833; x_wconf 82' lang='lat' dir='ltr'>et</span> <span class='ocrx_word' id='word_1_108' title='bbox 152 1775 243 1835; x_wconf 84' lang='lat' dir='ltr'>nimis</span> <span class='ocrx_word' id='word_1_109' title='bbox 265 1775 425 1856; x_wconf 85' lang='lat' dir='ltr'>magnifica</span> <span class='ocrx_word' id='word_1_110' title='bbox 445 1776 535 1838; x_wconf 90' lang='lat' dir='ltr'>laude</span> <span class='ocrx_word' id='word_1_111' title='bbox 548 1766 733 1856; x_wconf 47' lang='lat' dir='ltr'>Dio&#39;geniani</span> <span class='ocrx_word' id='word_1_112' title='bbox 751 1776 864 1837; x_wconf 84' lang='lat' dir='ltr'>librum</span> <span class='ocrx_word' id='word_1_113' title='bbox 875 1774 1145 1854; x_wconf 73' lang='lat' dir='ltr'>exornasse,non</span> 
     </span>
     <span class='ocr_line' id='line_1_15' title="bbox 101 1875 1144 1958; baseline 0.006 -24"><span class='ocrx_word' id='word_1_114' title='bbox 101 1875 203 1936; x_wconf 88' lang='lat' dir='ltr'>minus</span> <span class='ocrx_word' id='word_1_115' title='bbox 224 1897 332 1940; x_wconf 79' lang='lat' dir='ltr'>verum</span> <span class='ocrx_word' id='word_1_116' title='bbox 355 1891 409 1941; x_wconf 83' lang='lat' dir='ltr'>est</span> <span class='ocrx_word' id='word_1_117' title='bbox 430 1929 433 1934; x_wconf 95' lang='lat'>.</span> <span class='ocrx_word' id='word_1_118' title='bbox 454 1876 532 1957; x_wconf 80' lang='lat' dir='ltr'>Quis</span> <span class='ocrx_word' id='word_1_119' title='bbox 553 1879 636 1939; x_wconf 77' lang='lat' dir='ltr'>e&#39;nirn</span> <span class='ocrx_word' id='word_1_120' title='bbox 660 1899 700 1939; x_wconf 86' lang='lat' dir='ltr'>ex</span> <span class='ocrx_word' id='word_1_121' title='bbox 717 1877 864 1958; x_wconf 84' lang='lat' dir='ltr'>Hesychii</span> <span class='ocrx_word' id='word_1_122' title='bbox 882 1879 982 1940; x_wconf 82' lang='lat' dir='ltr'>verbis</span> <span class='ocrx_word' id='word_1_123' title='bbox 1004 1879 1144 1958; x_wconf 82' lang='lat' dir='ltr'>colligere</span> 
     </span>
     <span class='ocr_line' id='line_1_16' title="bbox 101 1976 1144 2062; baseline 0.008 -27"><span class='ocrx_word' id='word_1_124' title='bbox 101 1976 262 2058; x_wconf 87' lang='lat' dir='ltr'>potuisset,</span> <span class='ocrx_word' id='word_1_125' title='bbox 285 2001 348 2039; x_wconf 92' lang='lat' dir='ltr'>non</span> <span class='ocrx_word' id='word_1_126' title='bbox 360 1982 426 2062; x_wconf 88' lang='lat' dir='ltr'>pari</span> <span class='ocrx_word' id='word_1_127' title='bbox 445 1977 545 2041; x_wconf 85' lang='lat' dir='ltr'>studio</span> <span class='ocrx_word' id='word_1_128' title='bbox 571 2001 638 2042; x_wconf 86' lang='lat' dir='ltr'>esse</span> <span class='ocrx_word' id='word_1_129' title='bbox 653 1980 756 2040; x_wconf 86' lang='lat' dir='ltr'>omnia</span> <span class='ocrx_word' id='word_1_130' title='bbox 768 1990 904 2056; x_wconf 84' lang='lat' dir='ltr'>tractata,</span> <span class='ocrx_word' id='word_1_131' title='bbox 926 1979 983 2040; x_wconf 90' lang='lat' dir='ltr'>sed</span> <span class='ocrx_word' id='word_1_132' title='bbox 995 2000 1032 2040; x_wconf 90' lang='lat' dir='ltr'>ea</span> <span class='ocrx_word' id='word_1_133' title='bbox 1042 1981 1144 2043; x_wconf 83' lang='lat' dir='ltr'>maxi-</span> 
     </span>
     <span class='ocr_line' id='line_1_17' title="bbox 101 2068 1128 2187; baseline 0.005 -53"><span class='ocrx_word' id='word_1_134' title='bbox 101 2068 170 2152; x_wconf 51' lang='lat' dir='ltr'>r&#39;no,</span> <span class='ocrx_word' id='word_1_135' title='bbox 193 2097 271 2159; x_wconf 88' lang='lat' dir='ltr'>quae</span> <span class='ocrx_word' id='word_1_136' title='bbox 286 2076 325 2138; x_wconf 92' lang='lat' dir='ltr'>ad</span> <span class='ocrx_word' id='word_1_137' title='bbox 345 2079 452 2163; x_wconf 64' lang='lat' dir='ltr'>poetas</span> <span class='ocrx_word' id='word_1_138' title='bbox 465 2082 636 2165; x_wconf 75' lang='lat' dir='ltr'>pertinent?</span> <span class='ocrx_word' id='word_1_139' title='bbox 658 2079 873 2158; x_wconf 77' lang='lat' dir='ltr'>Diogenianus&#39;</span> <span class='ocrx_word' id='word_1_140' title='bbox 889 2081 979 2157; x_wconf 79' lang='lat' dir='ltr'>igittu</span> <span class='ocrx_word' id='word_1_141' title='bbox 995 2079 1093 2187; x_wconf 62' lang='lat' dir='ltr'>iderq·</span> <span class='ocrx_word' id='word_1_142' title='bbox 1115 2072 1128 2087; x_wconf 74' lang='grc'>”</span> 
     </span>
    </p>

    <p class='ocr_par' dir='ltr' id='par_1_2' title="bbox 80 2170 1143 2872">
     <span class='ocr_line' id='line_1_18' title="bbox 80 2170 1142 2265; baseline 0.006 -28"><span class='ocrx_word' id='word_1_143' title='bbox 80 2218 84 2226; x_wconf 80' lang='lat'>·</span> <span class='ocrx_word' id='word_1_144' title='bbox 103 2177 178 2239; x_wconf 88' lang='lat' dir='ltr'>cisse</span> <span class='ocrx_word' id='word_1_145' title='bbox 190 2170 341 2262; x_wconf 55' lang='lat' dir='ltr'>pflandus</span> <span class='ocrx_word' id='word_1_146' title='bbox 361 2191 422 2258; x_wconf 88' lang='lat' dir='ltr'>est,</span> <span class='ocrx_word' id='word_1_147' title='bbox 445 2180 528 2264; x_wconf 92' lang='lat' dir='ltr'>quod</span> <span class='ocrx_word' id='word_1_148' title='bbox 548 2179 588 2242; x_wconf 93' lang='lat' dir='ltr'>de</span> <span class='ocrx_word' id='word_1_149' title='bbox 604 2202 638 2242; x_wconf 89' lang='lat' dir='ltr'>se</span> <span class='ocrx_word' id='word_1_150' title='bbox 655 2176 723 2265; x_wconf 83' lang='lat' dir='ltr'>ipso</span> <span class='ocrx_word' id='word_1_151' title='bbox 742 2179 895 2264; x_wconf 85' lang='lat' dir='ltr'>praedicat</span> <span class='ocrx_word' id='word_1_152' title='bbox 906 2181 943 2241; x_wconf 89' lang='lat' dir='ltr'>in</span> <span class='ocrx_word' id='word_1_153' title='bbox 954 2200 1011 2242; x_wconf 90' lang='lat' dir='ltr'>suo</span> <span class='ocrx_word' id='word_1_154' title='bbox 1032 2198 1092 2259; x_wconf 82' lang='lat' dir='ltr'>gen</span> <span class='ocrx_word' id='word_1_155' title='bbox 1123 2178 1142 2260; x_wconf 70' lang='lat' dir='ltr'><em>j</em></span> 
     </span>
     <span class='ocr_line' id='line_1_19' title="bbox 100 2272 1143 2367; baseline 0.004 -27"><span class='ocrx_word' id='word_1_156' title='bbox 100 2279 237 2343; x_wconf 86' lang='lat' dir='ltr'>Photius.</span> <span class='ocrx_word' id='word_1_157' title='bbox 269 2279 316 2342; x_wconf 51' lang='lat' dir='ltr'>¹Is</span> <span class='ocrx_word' id='word_1_158' title='bbox 337 2282 419 2343; x_wconf 89' lang='lat' dir='ltr'>enim</span> <span class='ocrx_word' id='word_1_159' title='bbox 442 2303 536 2366; x_wconf 84' lang='lat' dir='ltr'>quum</span> <span class='ocrx_word' id='word_1_160' title='bbox 558 2283 678 2367; x_wconf 82' lang='lat' dir='ltr'>lexicon</span> <span class='ocrx_word' id='word_1_161' title='bbox 698 2288 916 2365; x_wconf 77' lang='lat' dir='ltr'>comparasset,</span> <span class='ocrx_word' id='word_1_162' title='bbox 945 2302 1006 2365; x_wconf 93' lang='lat' dir='ltr'>quo</span> <span class='ocrx_word' id='word_1_163' title='bbox 1025 2272 1143 2358; x_wconf 82' lang='lat' dir='ltr'>solutae</span> 
     </span>
     <span class='ocr_line' id='line_1_20' title="bbox 101 2382 1141 2468; baseline 0.003 -27"><span class='ocrx_word' id='word_1_164' title='bbox 101 2382 245 2457; x_wconf 85' lang='lat' dir='ltr'>orationis</span> <span class='ocrx_word' id='word_1_165' title='bbox 256 2382 415 2467; x_wconf 80' lang='lat' dir='ltr'>scriptores</span> <span class='ocrx_word' id='word_1_166' title='bbox 433 2384 666 2468; x_wconf 81' lang='lat' dir='ltr'>explicarentur,</span> <span class='ocrx_word' id='word_1_167' title='bbox 692 2403 711 2443; x_wconf 95' lang='lat' dir='ltr'>a</span> <span class='ocrx_word' id='word_1_168' title='bbox 728 2382 856 2466; x_wconf 68' lang='lat' dir='ltr'>poeticis</span> <span class='ocrx_word' id='word_1_169' title='bbox 878 2404 994 2444; x_wconf 89' lang='lat' dir='ltr'>senon</span> <span class='ocrx_word' id='word_1_170' title='bbox 1014 2383 1141 2444; x_wconf 78' lang='lat' dir='ltr'>omnino</span> 
     </span>
     <span class='ocr_line' id='line_1_21' title="bbox 100 2476 1142 2566; baseline 0.002 -24"><span class='ocrx_word' id='word_1_171' title='bbox 100 2482 280 2544; x_wconf 82' lang='lat' dir='ltr'>abstinuisse</span> <span class='ocrx_word' id='word_1_172' title='bbox 295 2485 453 2546; x_wconf 84' lang='lat' dir='ltr'>confitetur</span> <span class='ocrx_word' id='word_1_173' title='bbox 472 2481 572 2565; x_wconf 62' lang='lat' dir='ltr'>„otti</span> <span class='ocrx_word' id='word_1_174' title='bbox 592 2487 660 2547; x_wconf 75' lang='lat' dir='ltr'>cciv</span> <span class='ocrx_word' id='word_1_175' title='bbox 677 2484 858 2566; x_wconf 76' lang='grc' dir='ltr'><strong><em>ποιητικῶν</em></strong></span> <span class='ocrx_word' id='word_1_176' title='bbox 878 2485 1044 2558; x_wconf 71' lang='grc' dir='ltr'><strong><em>παντελῶς</em></strong></span> <span class='ocrx_word' id='word_1_177' title='bbox 1061 2476 1142 2546; x_wconf 70' lang='grc' dir='ltr'><strong><em>ἄντο-</em></strong></span> 
     </span>
     <span class='ocr_line' id='line_1_22' title="bbox 99 2578 1142 2670; baseline 0.001 -23"><span class='ocrx_word' id='word_1_178' title='bbox 99 2578 194 2670; x_wconf 73' lang='grc' dir='ltr'><strong><em>οτάς·</em></strong></span> <span class='ocrx_word' id='word_1_179' title='bbox 215 2579 310 2648; x_wconf 72' lang='grc' dir='ltr'><strong>’ἐπεὶ</strong></span> <span class='ocrx_word' id='word_1_180' title='bbox 331 2580 381 2669; x_wconf 75' lang='grc' dir='ltr'>μή</span> <span class='ocrx_word' id='word_1_181' title='bbox 405 2580 439 2650; x_wconf 78' lang='grc' dir='ltr'>δ’</span> <span class='ocrx_word' id='word_1_182' title='bbox 458 2581 558 2651; x_wconf 80' lang='grc' dir='ltr'><strong><em>’ὅσοι</em></strong></span> <span class='ocrx_word' id='word_1_183' title='bbox 578 2580 729 2662; x_wconf 77' lang='grc' dir='ltr'><strong><em>τούτοις</em></strong></span> <span class='ocrx_word' id='word_1_184' title='bbox 751 2579 1031 2668; x_wconf 80' lang='grc' dir='ltr'><strong><em>οννειλόχοιοι,</em></strong></span> <span class='ocrx_word' id='word_1_185' title='bbox 1059 2583 1142 2648; x_wconf 75' lang='grc' dir='ltr'>τῶν</span> 
     </span>
     <span class='ocr_line' id='line_1_23' title="bbox 100 2680 1140 2770; baseline 0 -22"><span class='ocrx_word' id='word_1_186' title='bbox 100 2680 373 2765; x_wconf 71' lang='grc' dir='ltr'><strong><em>ἁρμοζόντων</em></strong></span> <span class='ocrx_word' id='word_1_187' title='bbox 400 2689 446 2770; x_wconf 79' lang='grc' dir='ltr'>τῇ</span> <span class='ocrx_word' id='word_1_188' title='bbox 472 2684 600 2768; x_wconf 71' lang='grc' dir='ltr'><strong><em>χωρὶς</em></strong></span> <span class='ocrx_word' id='word_1_189' title='bbox 629 2683 783 2769; x_wconf 80' lang='grc' dir='ltr'><strong><em>μέτρον</em></strong></span> <span class='ocrx_word' id='word_1_190' title='bbox 812 2684 962 2768; x_wconf 76' lang='grc' dir='ltr'><strong><em>φράσει</em></strong></span> <span class='ocrx_word' id='word_1_191' title='bbox 990 2704 1140 2751; x_wconf 79' lang='grc' dir='ltr'><strong><em>παντε-</em></strong></span> 
     </span>
     <span class='ocr_line' id='line_1_24' title="bbox 100 2780 1140 2872; baseline -0.001 -24"><span class='ocrx_word' id='word_1_192' title='bbox 100 2788 181 2860; x_wconf 77' lang='grc' dir='ltr'>λῶς</span> <span class='ocrx_word' id='word_1_193' title='bbox 202 2780 253 2849; x_wconf 75' lang='lat' dir='ltr'>circ</span> <span class='ocrx_word' id='word_1_194' title='bbox 263 2781 277 2848; x_wconf 76' lang='grc' dir='ltr'><em>ἐ</em></span> <span class='ocrx_word' id='word_1_195' title='bbox 286 2797 328 2866; x_wconf 79' lang='grc' dir='ltr'>σχ</span> <span class='ocrx_word' id='word_1_196' title='bbox 336 2806 353 2846; x_wconf 92' lang='grc' dir='ltr'><strong><em>ο</em></strong></span> <span class='ocrx_word' id='word_1_197' title='bbox 361 2806 442 2849; x_wconf 91' lang='grc' dir='ltr'><strong><em>ντο.</em></strong></span> <span class='ocrx_word' id='word_1_198' title='bbox 450 2789 468 2819; x_wconf 84' lang='grc'>“</span> <span class='ocrx_word' id='word_1_199' title='bbox 491 2786 673 2872; x_wconf 80' lang='lat' dir='ltr'>Quicunque</span> <span class='ocrx_word' id='word_1_200' title='bbox 684 2801 787 2849; x_wconf 88' lang='lat' dir='ltr'>autem</span> <span class='ocrx_word' id='word_1_201' title='bbox 798 2787 901 2849; x_wconf 89' lang='lat' dir='ltr'>Photii</span> <span class='ocrx_word' id='word_1_202' title='bbox 913 2799 943 2849; x_wconf 89' lang='lat' dir='ltr'>et</span> <span class='ocrx_word' id='word_1_203' title='bbox 956 2786 1140 2865; x_wconf 85' lang='lat' dir='ltr'>Diogeniani</span> 
     </span>
    </p>

    <p class='ocr_par' dir='ltr' id='par_1_3' title="bbox 64 2887 1251 4091">
     <span class='ocr_line' id='line_1_25' title="bbox 64 2887 1140 2975; baseline 0.001 -27"><span class='ocrx_word' id='word_1_204' title='bbox 64 2917 69 2922; x_wconf 87' lang='lat'><strong>·</strong></span> <span class='ocrx_word' id='word_1_205' title='bbox 100 2887 193 2949; x_wconf 90' lang='lat' dir='ltr'>libros</span> <span class='ocrx_word' id='word_1_206' title='bbox 205 2889 369 2949; x_wconf 86' lang='lat' dir='ltr'>accuratius</span> <span class='ocrx_word' id='word_1_207' title='bbox 382 2887 517 2973; x_wconf 88' lang='lat' dir='ltr'>inspicit,</span> <span class='ocrx_word' id='word_1_208' title='bbox 539 2912 603 2951; x_wconf 93' lang='lat' dir='ltr'>non</span> <span class='ocrx_word' id='word_1_209' title='bbox 613 2901 715 2975; x_wconf 89' lang='lat' dir='ltr'>potest</span> <span class='ocrx_word' id='word_1_210' title='bbox 727 2890 786 2952; x_wconf 91' lang='lat' dir='ltr'>nisi</span> <span class='ocrx_word' id='word_1_211' title='bbox 797 2891 887 2951; x_wconf 93' lang='lat' dir='ltr'>huius</span> <span class='ocrx_word' id='word_1_212' title='bbox 901 2888 973 2951; x_wconf 89' lang='lat' dir='ltr'>dicti</span> <span class='ocrx_word' id='word_1_213' title='bbox 983 2889 1140 2951; x_wconf 80' lang='lat' dir='ltr'>veritatem</span> 
     </span>
     <span class='ocr_line' id='line_1_26' title="bbox 99 2980 1205 3079; baseline 0.003 -29"><span class='ocrx_word' id='word_1_214' title='bbox 99 2990 218 3051; x_wconf 84' lang='lat' dir='ltr'>sentire.</span> <span class='ocrx_word' id='word_1_215' title='bbox 261 2986 348 3051; x_wconf 90' lang='lat' dir='ltr'>Bene</span> <span class='ocrx_word' id='word_1_216' title='bbox 361 2989 451 3069; x_wconf 88' lang='lat' dir='ltr'>igitur</span> <span class='ocrx_word' id='word_1_217' title='bbox 463 3002 564 3053; x_wconf 90' lang='lat' dir='ltr'>actum</span> <span class='ocrx_word' id='word_1_218' title='bbox 577 3002 712 3071; x_wconf 84' lang='lat' dir='ltr'>estcum</span> <span class='ocrx_word' id='word_1_219' title='bbox 725 2993 834 3070; x_wconf 84' lang='lat' dir='ltr'>nostris</span> <span class='ocrx_word' id='word_1_220' title='bbox 853 2993 1042 3077; x_wconf 89' lang='lat' dir='ltr'>antiquarum</span> <span class='ocrx_word' id='word_1_221' title='bbox 1059 2980 1138 3079; x_wconf 57' lang='lat' dir='ltr'>litte}</span> <span class='ocrx_word' id='word_1_222' title='bbox 1198 3066 1205 3075; x_wconf 84' lang='lat'>.</span> 
     </span>
     <span class='ocr_line' id='line_1_27' title="bbox 99 3090 1162 3179; baseline 0.003 -27"><span class='ocrx_word' id='word_1_223' title='bbox 99 3113 198 3154; x_wconf 86' lang='lat' dir='ltr'>rarum</span> <span class='ocrx_word' id='word_1_224' title='bbox 209 3090 324 3170; x_wconf 83' lang='lat' dir='ltr'>studiis,</span> <span class='ocrx_word' id='word_1_225' title='bbox 346 3094 491 3177; x_wconf 91' lang='lat' dir='ltr'>quoniam</span> <span class='ocrx_word' id='word_1_226' title='bbox 504 3092 567 3154; x_wconf 91' lang='lat' dir='ltr'>duo</span> <span class='ocrx_word' id='word_1_227' title='bbox 573 3093 663 3155; x_wconf 89' lang='lat' dir='ltr'>nobis</span> <span class='ocrx_word' id='word_1_228' title='bbox 676 3094 800 3156; x_wconf 80' lang='lat' dir='ltr'>servata</span> <span class='ocrx_word' id='word_1_229' title='bbox 807 3105 877 3166; x_wconf 86' lang='lat' dir='ltr'>sunt</span> <span class='ocrx_word' id='word_1_230' title='bbox 888 3094 994 3179; x_wconf 86' lang='lat' dir='ltr'>lexica‚</span> <span class='ocrx_word' id='word_1_231' title='bbox 1008 3114 1139 3178; x_wconf 88' lang='lat' dir='ltr'>quorum</span> <span class='ocrx_word' id='word_1_232' title='bbox 1157 3165 1162 3172; x_wconf 28' lang='lat'><strong><em>¹</em></strong></span> 
     </span>
     <span class='ocr_line' id='line_1_28' title="bbox 99 3194 1139 3281; baseline -0.005 -25"><span class='ocrx_word' id='word_1_233' title='bbox 99 3197 225 3256; x_wconf 85' lang='lat' dir='ltr'>alterum</span> <span class='ocrx_word' id='word_1_234' title='bbox 238 3194 414 3281; x_wconf 64' lang='lat' dir='ltr'>poetarum,</span> <span class='ocrx_word' id='word_1_235' title='bbox 440 3197 567 3274; x_wconf 83' lang='lat' dir='ltr'>altenun</span> <span class='ocrx_word' id='word_1_236' title='bbox 586 3194 772 3278; x_wconf 82' lang='lat' dir='ltr'>pedestrium</span> <span class='ocrx_word' id='word_1_237' title='bbox 789 3198 969 3281; x_wconf 86' lang='lat' dir='ltr'>scriptorum</span> <span class='ocrx_word' id='word_1_238' title='bbox 989 3194 1139 3262; x_wconf 84' lang='lat' dir='ltr'>vocabula</span> 
     </span>
     <span class='ocr_line' id='line_1_29' title="bbox 100 3281 1244 3382; baseline -0.004 -26"><span class='ocrx_word' id='word_1_239' title='bbox 100 3294 277 3369; x_wconf 82' lang='lat' dir='ltr'>difficiliora,</span> <span class='ocrx_word' id='word_1_240' title='bbox 289 3299 439 3382; x_wconf 88' lang='lat' dir='ltr'>explanat.</span> <span class='ocrx_word' id='word_1_241' title='bbox 475 3294 639 3358; x_wconf 69' lang='lat' dir='ltr'>Schou&#39;ius</span> <span class='ocrx_word' id='word_1_242' title='bbox 653 3308 764 3372; x_wconf 85' lang='lat' dir='ltr'>autern,</span> <span class='ocrx_word' id='word_1_243' title='bbox 786 3297 838 3381; x_wconf 92' lang='lat' dir='ltr'>qui</span> <span class='ocrx_word' id='word_1_244' title='bbox 852 3281 1138 3357; x_wconf 79' lang='lat' dir='ltr'>exPhotianilexici</span> <span class='ocrx_word' id='word_1_245' title='bbox 1184 3300 1188 3305; x_wconf 87' lang='lat'>&#39;</span> <span class='ocrx_word' id='word_1_246' title='bbox 1242 3350 1244 3353; x_wconf 84' lang='grc'><strong>,</strong></span> 
     </span>
     <span class='ocr_line' id='line_1_30' title="bbox 100 3394 1138 3480; baseline -0.002 -25"><span class='ocrx_word' id='word_1_247' title='bbox 100 3394 232 3458; x_wconf 88' lang='lat' dir='ltr'>editione</span> <span class='ocrx_word' id='word_1_248' title='bbox 242 3398 275 3458; x_wconf 89' lang='lat' dir='ltr'>in</span> <span class='ocrx_word' id='word_1_249' title='bbox 289 3419 379 3460; x_wconf 85' lang='lat' dir='ltr'>usum</span> <span class='ocrx_word' id='word_1_250' title='bbox 393 3397 580 3477; x_wconf 85' lang='lat' dir='ltr'>Hesychiani</span> <span class='ocrx_word' id='word_1_251' title='bbox 594 3416 705 3474; x_wconf 90' lang='lat' dir='ltr'>magna</span> <span class='ocrx_word' id='word_1_252' title='bbox 726 3407 911 3480; x_wconf 81' lang='lat' dir='ltr'>speraverat,</span> <span class='ocrx_word' id='word_1_253' title='bbox 933 3394 1051 3473; x_wconf 90' lang='lat' dir='ltr'>magnis</span> <span class='ocrx_word' id='word_1_254' title='bbox 1067 3413 1138 3477; x_wconf 89' lang='lat' dir='ltr'>par-</span> 
     </span>
     <span class='ocr_line' id='line_1_31' title="bbox 98 3497 1137 3584; baseline -0.003 -26"><span class='ocrx_word' id='word_1_255' title='bbox 98 3498 178 3560; x_wconf 88' lang='lat' dir='ltr'>tibus</span> <span class='ocrx_word' id='word_1_256' title='bbox 193 3499 318 3562; x_wconf 84' lang='lat' dir='ltr'>fallitur:</span> <span class='ocrx_word' id='word_1_257' title='bbox 341 3519 514 3584; x_wconf 87' lang='lat' dir='ltr'>quanquam</span> <span class='ocrx_word' id='word_1_258' title='bbox 526 3499 718 3583; x_wconf 63' lang='lat' dir='ltr'>gliquatenus</span> <span class='ocrx_word' id='word_1_259' title='bbox 738 3497 771 3557; x_wconf 92' lang='lat' dir='ltr'>id</span> <span class='ocrx_word' id='word_1_260' title='bbox 791 3519 898 3561; x_wconf 86' lang='lat' dir='ltr'>rerum</span> <span class='ocrx_word' id='word_1_261' title='bbox 917 3519 999 3573; x_wconf 85' lang='lat' dir='ltr'>esse,</span> <span class='ocrx_word' id='word_1_262' title='bbox 1020 3497 1083 3556; x_wconf 90' lang='lat' dir='ltr'>iam</span> <span class='ocrx_word' id='word_1_263' title='bbox 1100 3515 1137 3572; x_wconf 73' lang='lat' dir='ltr'>ex</span> 
     </span>
     <span class='ocr_line' id='line_1_32' title="bbox 80 3585 1136 3690; baseline -0.005 -30"><span class='ocrx_word' id='word_1_264' title='bbox 80 3585 165 3690; x_wconf 47' lang='lat' dir='ltr'>xippa</span> <span class='ocrx_word' id='word_1_265' title='bbox 186 3597 345 3662; x_wconf 87' lang='lat' dir='ltr'>Albertina</span> <span class='ocrx_word' id='word_1_266' title='bbox 364 3599 513 3682; x_wconf 87' lang='lat' dir='ltr'>Hesychii</span> <span class='ocrx_word' id='word_1_267' title='bbox 534 3597 667 3660; x_wconf 88' lang='lat' dir='ltr'>editione</span> <span class='ocrx_word' id='word_1_268' title='bbox 689 3599 875 3684; x_wconf 89' lang='lat' dir='ltr'>perspicitur.</span> <span class='ocrx_word' id='word_1_269' title='bbox 929 3597 967 3660; x_wconf 93' lang='lat' dir='ltr'>In</span> <span class='ocrx_word' id='word_1_270' title='bbox 987 3598 1053 3657; x_wconf 88' lang='lat' dir='ltr'>fine-</span> <span class='ocrx_word' id='word_1_271' title='bbox 1072 3616 1136 3656; x_wconf 92' lang='lat' dir='ltr'>non</span> 
     </span>
     <span class='ocr_line' id='line_1_33' title="bbox 98 3694 1136 3786; baseline -0.008 -22"><span class='ocrx_word' id='word_1_272' title='bbox 98 3695 226 3786; x_wconf 82' lang='lat' dir='ltr'>possum</span> <span class='ocrx_word' id='word_1_273' title='bbox 240 3702 311 3785; x_wconf 89' lang='lat' dir='ltr'>quin</span> <span class='ocrx_word' id='word_1_274' title='bbox 323 3701 497 3780; x_wconf 84' lang='lat' dir='ltr'>Ruhnkenii</span> <span class='ocrx_word' id='word_1_275' title='bbox 510 3723 643 3768; x_wconf 86' lang='lat' dir='ltr'>errorem</span> <span class='ocrx_word' id='word_1_276' title='bbox 654 3713 768 3778; x_wconf 89' lang='lat' dir='ltr'>notem,</span> <span class='ocrx_word' id='word_1_277' title='bbox 790 3719 882 3784; x_wconf 91' lang='lat' dir='ltr'>quem</span> <span class='ocrx_word' id='word_1_278' title='bbox 892 3698 925 3758; x_wconf 90' lang='lat' dir='ltr'>in</span> <span class='ocrx_word' id='word_1_279' title='bbox 942 3694 1136 3759; x_wconf 85' lang='lat' dir='ltr'>defendendo</span> 
     </span>
     <span class='ocr_line' id='line_1_34' title="bbox 98 3798 1251 3891; baseline -0.006 -25"><span class='ocrx_word' id='word_1_280' title='bbox 98 3803 256 3884; x_wconf 80' lang='lat' dir='ltr'>Hesychia</span> <span class='ocrx_word' id='word_1_281' title='bbox 275 3801 420 3882; x_wconf 79' lang='lat' dir='ltr'>admisit.</span> <span class='ocrx_word' id='word_1_282' title='bbox 482 3805 684 3891; x_wconf 67' lang='lat' dir='ltr'>anbeaquam</span> <span class='ocrx_word' id='word_1_283' title='bbox 720 3802 803 3864; x_wconf 86' lang='lat' dir='ltr'>enim</span> <span class='ocrx_word' id='word_1_284' title='bbox 833 3798 992 3886; x_wconf 73' lang='lat' dir='ltr'>politorum</span> <span class='ocrx_word' id='word_1_285' title='bbox 1026 3819 1136 3878; x_wconf 86' lang='lat' dir='ltr'>genera</span> <span class='ocrx_word' id='word_1_286' title='bbox 1163 3860 1176 3883; x_wconf 34' lang='grc' dir='ltr'><em>ὴ</em></span> <span class='ocrx_word' id='word_1_287' title='bbox 1225 3855 1251 3887; x_wconf 28' lang='grc' dir='ltr'>,Ι</span> 
     </span>
     <span class='ocr_line' id='line_1_35' title="bbox 98 3891 1236 3990; baseline -0.011 -22"><span class='ocrx_word' id='word_1_288' title='bbox 98 3906 202 3968; x_wconf 88' lang='lat' dir='ltr'>omnia</span> <span class='ocrx_word' id='word_1_289' title='bbox 230 3891 414 3990; x_wconf 82' lang='lat' dir='ltr'>percensuit,</span> <span class='ocrx_word' id='word_1_290' title='bbox 440 3907 594 3989; x_wconf 81' lang='lat' dir='ltr'>multaque</span> <span class='ocrx_word' id='word_1_291' title='bbox 618 3904 807 3984; x_wconf 85' lang='lat' dir='ltr'>singulorum</span> <span class='ocrx_word' id='word_1_292' title='bbox 831 3902 956 3965; x_wconf 89' lang='lat' dir='ltr'>nomina</span> <span class='ocrx_word' id='word_1_293' title='bbox 979 3918 1138 3960; x_wconf 87' lang='lat' dir='ltr'>enumera·</span> <span class='ocrx_word' id='word_1_294' title='bbox 1213 3938 1236 3959; x_wconf 76' lang='grc'>,.</span> 
     </span>
     <span class='ocr_line' id='line_1_36' title="bbox 98 4001 1231 4091; baseline -0.01 -19"><span class='ocrx_word' id='word_1_295' title='bbox 98 4007 157 4072; x_wconf 84' lang='lat' dir='ltr'>vit:</span> <span class='ocrx_word' id='word_1_296' title='bbox 177 4006 220 4069; x_wconf 90' lang='lat' dir='ltr'>ita</span> <span class='ocrx_word' id='word_1_297' title='bbox 242 4005 340 4091; x_wconf 83' lang='lat' dir='ltr'>pergit</span> <span class='ocrx_word' id='word_1_298' title='bbox 360 4005 490 4089; x_wconf 87' lang='lat' dir='ltr'>„quibus</span> <span class='ocrx_word' id='word_1_299' title='bbox 510 4006 654 4069; x_wconf 82' lang='lat' dir='ltr'>omnibus</span> <span class='ocrx_word' id='word_1_300' title='bbox 674 4009 726 4070; x_wconf 82' lang='lat' dir='ltr'>rel</span> <span class='ocrx_word' id='word_1_301' title='bbox 745 4006 814 4091; x_wconf 88' lang='lat' dir='ltr'>ipse</span> <span class='ocrx_word' id='word_1_302' title='bbox 835 4003 1062 4084; x_wconf 80' lang='lat' dir='ltr'>Diogenianus,</span> <span class='ocrx_word' id='word_1_303' title='bbox 1088 4001 1140 4063; x_wconf 86' lang='lat' dir='ltr'>vel</span> <span class='ocrx_word' id='word_1_304' title='bbox 1206 4007 1209 4010; x_wconf 81' lang='grc'><strong>’</strong></span> <span class='ocrx_word' id='word_1_305' title='bbox 1229 4038 1231 4045; x_wconf 89' lang='lat'>·</span> 
     </span>
    </p>
   </div>
   <div class='ocr_carea' id='block_1_2' title="bbox 0 0 1272 4644">
    <p class='ocr_par' dir='ltr' id='par_1_4' title="bbox 0 0 1272 4644">
     <span class='ocr_line' id='line_1_37' title="bbox 0 0 1272 4644; baseline 0 4"><span class='ocrx_word' id='word_1_306' title='bbox 0 0 1272 4644; x_wconf 95' lang='lat' dir='ltr'> </span> 
     </span>
    </p>
   </div>
  </div>
 </body>
</html>
