2534 4644
92 268 154 346 ui

106 455 189 508 tanta
208 453 374 507 etiterum
397 433 437 504 ex
454 429 649 519 Diogeniano
673 440 706 503 in
723 433 912 523 Hesychimu'
937 432 1169 504 nuntiatarum·

107 547 210 633 copia,
232 556 267 606 ut
283 543 341 606 nisi
362 541 413 624 qui
430 541 635 626 ineptissimum
657 553 716 620 est,
738 541 778 604 de
797 540 931 628 epitome
947 543 1087 623 cogitare
1100 564 1169 606 nem

106 647 218 733 queat?
242 641 418 729 praesertin
432 659 526 726 quum
540 643 598 703 alia
615 643 691 704 ratio
707 642 869 728 unicuique
889 644 1053 724 obviarit,
1077 667 1166 730 qnae

106 748 221 810 facilius
239 757 271 807 et
286 744 395 805 melius
414 743 517 804 omnia
536 744 625 806 nobis
645 743 786 806 declarat.
828 745 930 806 Unum
949 746 1035 807 enim
1054 745 1170 811 haba·

106 866 175 911 rum
187 846 335 928 Hesychii
346 843 499 922 codicem,
520 866 651 930 eumque
662 846 796 931 pessime
810 846 963 924 habitum,
987 846 1164 912 auom

105 970 165 1036 que
183 949 271 1034 copia
290 966 345 1009 oua
365 947 572 1032 conspicuum.
622 945 706 1011 Nihil
726 948 815 1026 igitur
834 969 892 1010 nos
913 946 1063 1032 impedit,
1093 972 1166 1037 quo

105 1052 206 1114 minus
226 1044 339 1111 omissa
360 1070 484 1132 quoquc
499 1051 644 1110 nonnulla
670 1049 786 1111 scribae
809 1044 897 1133 culpa
914 1065 1095 1134 sumamus,
1128 1067 1166 1121 ut

106 1150 245 1238 mimtpte
255 1151 363 1235 scripta
374 1151 503 1235 plurima
519 1166 587 1212 esse
607 1150 728 1212 winus.
770 1149 877 1234 Neque
891 1163 994 1215 tamen
1007 1168 1167 1242 propter.

106 1269 143 1318 ea
158 1255 357 1318 vehementer
372 1253 406 1313 in
422 1253 503 1313 hunc
523 1252 665 1330 invehar,
686 1251 756 1336 qttia
772 1252 929 1332 negotium
946 1256 1073 1318 lexicon
1095 1258 1167 1321 tole

106 1352 296 1420 describendi
316 1352 400 1416 hautl
420 1352 513 1414 dubie
531 1354 670 1414 omnium
687 1351 899 1417 difficillimum
917 1365 976 1433 est,
998 1366 1032 1416 et
1050 1376 1166 1442 paene

106 1461 278 1524 necessario
295 1458 329 1518 in
352 1456 427 1518 vitia
450 1454 604 1516 libranum
638 1455 770 1518 coniicit,
816 1453 921 1534 Quam
949 1457 1042 1519 facile
1067 1456 1165 1526 enim

107 1566 147 1625 ab
167 1581 240 1622 una·
252 1577 331 1622 voce
350 1555 390 1616 ad
409 1555 611 1616 cruentati
628 1557 726 1616 homo
742 1558 865 1642 potuit?
887 1560 981 1622 verba
993 1576 1070 1620 eum
1082 1580 1166 1626 ver.

106 1659 153 1725 bio
168 1657 378 1723 commutare?
398 1675 448 1716 ree
463 1653 647 1716 necessarias
659 1656 821 1723 omittere?
843 1656 965 1738 Quotui
976 1670 1087 1724 antem
1110 1682 1165 1728 ea-

104 1778 189 1824 rotes
204 1760 268 1822 eius
286 1778 351 1820 non
367 1776 474 1819 severe
500 1756 691 1834 exagitarimz
720 1758 816 1843 pluris
841 1769 946 1821 tamen
970 1763 1164 1831 faciendum

105 1842 261 1938 existimo,
284 1861 310 1922 si
327 1856 479 1918 intertium
503 1856 619 1919 desidia
636 1860 802 1943 inertiaque
821 1871 926 1945 captus
946 1881 1010 1922 non
1032 1873 1166 1933 temere

104 1963 161 2027 sed
173 1964 310 2024 consulto
322 1961 417 2020 multa
431 1957 569 2022 admisit:
589 1971 623 2021 ut
636 1961 689 2022 ubi
705 1961 781 2023 nihil
799 1959 932 2040 addidit,
951 1963 1011 2025 nisi
1029 1964 1095 2031 καὶ
1117 1967 1163 2035 ἠ

104 2061 180 2149 ἑξῆς
198 2075 229 2126 et
247 2062 374 2141 similia3
401 2081 573 2145 quanquam
589 2061 622 2123 s'r
633 2063 700 2145 quis
718 2064 751 2124 in
762 2066 827 2126 tam
839 2063 954 2126 difficili
966 2076 999 2128 et
1012 2072 1162 2138 molesto
1188 2126 1191 2132 ⁴

104 2187 202 2253 opere,
207 2163 360 2227 interdum
373 2164 508 2240 vacillat,
528 2162 562 2223 id
572 2165 710 2226 lubenter
721 2167 936 2247 excusaverim.

116 2340 118 2348 y
188 2258 279 2345 (luae
298 2287 391 2351 qutun
408 2266 450 2326 ita
465 2265 540 2343 sint,
562 2286 661 2350 neque
679 2267 868 2348 Hesychium
884 2287 1000 2333 rantum
1014 2273 1161 2339 menda.

103 2388 230 2453 cemque
240 2368 401 2429 hominem
413 2387 537 2445 vocare,
556 2365 615 2428 nec
628 2366 668 2428 de
681 2370 880 2453 epitomatore
890 2371 994 2432 omnia
1008 2393 1159 2442 con-um.

25 2495 28 2501 ·
102 2479 237 2556 pentcet
249 2468 471 2530 contaminante
485 2469 627 2551 conqueri
639 2469 717 2531 licet.
761 2466 825 2547 Oui
837 2471 920 2533 enim
933 2472 1073 2538 codicem
1094 2471 1172 2544 de.'

102 2571 236 2657 scripsit,
263 2567 470 2653 Hesychiique
498 2569 658 2654 epistolam
678 2570 801 2649 adiecit,
828 2594 892 2635 non
914 2577 1073 2662 epitomen
1102 2586 1157 2646 fa-

103 2693 188 2749 cere,
215 2667 272 2733 sed
289 2679 389 2731 totum
408 2688 486 2755 opus
507 2690 627 2736 serrare
649 2675 800 2754 integrum
815 2678 929 2756 voluit,
957 2689 987 2740 et
1008 2678 1154 2748 htunarm

102 2770 315 2835 tanuuumodo
336 2768 541 2836 imbecillitate
569 2794 608 2837 eo
635 2774 741 2839 ductus
761 2788 823 2857 est,
851 2790 885 2841 ut
902 2781 1037 2861 singula,
1065 2805 1155 2868 quae

102 2890 161 2938 noe
182 2871 300 2938 serrata
324 2874 477 2959 cupimus,
509 2877 764 2962 praetermitteret.
811 2877 867 2942 Ad
887 2881 1016 2942 eandem
1038 2896 1155 2952 autem

101 2975 283 3038 sententiam
304 2977 331 3041 si
355 2976 473 3056 omnia,
504 2996 581 3062 quae
601 2978 634 3040 in
653 2982 779 3066 epistola
799 2978 877 3041 dicta
895 2992 983 3058 eunt,
1004 2997 1155 3049 accurate

101 3075 337 3162 pensitarimus,
358 3095 483 3162 semper
493 3077 669 3144 redibimus.
