2534 4644
160 447 291 511 variatm
303 447 335 510 in
355 431 422 512 libri
440 448 541 527 tiano,
560 466 652 530 quem
675 447 841 508 etiamnum
860 446 1066 532 possidemus,
1088 450 1209 534 aliique

159 544 236 632 recol
247 548 339 632 βίων,
359 543 532 630 δογμάτων
550 543 606 609 καὶ
619 539 905 629 ἀποφθεγμάτων,
924 551 992 612 coia
1008 546 1045 612 lv
1062 553 1209 630 φιλοσο-

161 649 223 733 φίᾳ
238 644 558 733 εὐδοκιμησάντωνιί,
578 647 643 710 alii:
674 643 858 730 φιλόσοφοι
882 647 952 730 βίοι
973 649 1110 713 utPhot
1129 651 1209 732 My-

158 752 234 812 riob.
257 748 373 830 CLVI,
398 751 449 813 alii
479 751 647 829 σοφιστῶν
673 747 742 829 βίοι
762 760 796 809 ut
822 747 1013 832 Eustathius,
1043 751 1095 812 alii
1117 753 1210 814 aliter

157 853 385 936 inscripsenmt,
418 869 590 935 quanquam
613 851 680 935 ipse
699 852 809 912 librum
832 864 957 914 vocaret
989 848 1209 935 ,φιλόσοφος

157 950 314 1030 ἱστορία.“
336 949 402 1026 (cfr.
416 950 537 1029 Menag.
546 949 685 1014 Animm.
700 951 740 1012 ad
751 951 943 1031 Diog.Laert.
956 976 986 1039 p.
998 955 1050 1034 1.).
1073 953 1207 1016 Deinde

156 1053 206 1116 alii
217 1074 337 1138 quoque
351 1054 415 1114 eius
424 1054 638 1138 epigrammata
650 1055 809 1116 celebrant.
831 1053 948 1115 Dicitur
962 1055 1045 1116 enim
1057 1055 1208 1118 aTzetza

157 1154 235 1235 chit.
245 1155 300 1218 ΠΙ.
315 1159 443 1240 capot.
457 1148 827 1237 ἐπιγραμματογράφοςς
851 1168 882 1218 et
892 1157 927 1218 in
941 1142 1056 1218 Graeca
1067 1156 1208 1220 Antho-

154 1255 237 1335 logia
249 1258 335 1339 plura
351 1257 482 1316 carmina
495 1255 534 1316 ad
551 1277 623 1316 eum
639 1267 794 1317 auctorem
805 1258 980 1318 referuntur.
1257 1280 1258 1291 ¹

240 1353 329 1433 Quae
346 1357 374 1417 si
389 1376 516 1417 menon
535 1358 672 1418 fallerent
694 1393 733 1404 —
756 1355 924 1419 dubitanter
939 1355 1022 1419 enim
1045 1356 1127 1416 mihi
1150 1357 1210 1418 di-

156 1456 288 1522 cendum
311 1478 393 1535 esse,
430 1461 510 1519 bene
537 1458 701 1542 perspicio,
730 1495 769 1505 -
799 1468 969 1541 sequeretur
987 1456 1075 1535 inde,
1107 1459 1211 1540 prio-‘

154 1581 220 1621 rem
234 1558 462 1637 Diogenianum
482 1578 521 1617 ex
533 1557 632 1618 Ponto
650 1559 731 1617 hunc
753 1578 821 1618 esse
834 1550 1008 1636 Diogenein
1025 1556 1207 1623 Latinium.

154 1660 217 1722 Vix
231 1656 330 1733 credo,
344 1661 479 1733 futurum
491 1677 568 1734 esse,
589 1658 641 1740 qui
654 1658 716 1718 iam
730 1680 800 1719 cum
813 1656 997 1737 Diogeniani
1009 1680 1127 1722 nomen
1141 1663 1206 1725 auss

155 1758 253 1835 dierit,
276 1757 314 1818 de
326 1757 370 1818 rei
385 1759 510 1819 veritate
529 1756 654 1819 dubitet.
688 1758 721 1819 Si
737 1771 839 1818 tamen
853 1769 913 1836 est,
935 1760 986 1842 qui
999 1773 1124 1823 ostensa
1140 1786 1205 1826 eo.

152 1882 221 1923 rum
240 1859 400 1920 nominum
422 1861 661 1942 frequentissima
682 1859 917 1921 commutatione
935 1861 1063 1923 haesitet
1088 1874 1204 1930 tamen

152 1971 183 2022 et
203 1964 340 2038 haereat,
363 1981 546 2021 cormnoneo
567 1963 825 2045 ipsurn'nostrum
843 1959 1016 2040 Diogenem
1036 1964 1203 2033 Lae'rtium

151 2062 377 2143 Diogenianum
394 2067 536 2152 appellari
557 2063 638 2149 apud
657 2062 803 2124 Tzetzam
823 2063 842 2123 l.
862 2063 898 2139 l,
939 2063 1022 2145 quod
1039 2065 1145 2150 ipsum
1167 2085 1203 2135 et

151 2162 311 2244 Menagius
332 2168 352 2227 l.
371 2169 409 2245 l.,
436 2167 556 2230 lonsius
573 2164 634 2244 III,
659 2168 714 2240 12,
735 2161 781 2241 5.‚
811 2161 941 2225 Vossius
963 2164 1001 2226 de
1015 2167 1122 2230 histor.
1139 2169 1200 2238 Gr,

150 2265 189 2330 Π.
208 2288 271 2352 cap.
287 2265 374 2329 XIII.
388 2290 418 2351 p.
434 2273 506 2332 223.
528 2279 558 2329 et
571 2268 621 2328 alii
633 2264 686 2325 diu
706 2275 775 2325 ante
789 2285 841 2324 me
861 2276 1009 2326 notarunt.
1054 2266 1121 2344 Qui
1136 2293 1201 2336 au.

150 2380 227 2446 tem,
256 2368 358 2429 dicunt
377 2369 480 2450 aliqui,
510 2369 561 2452 qui
578 2366 727 2444 Diogenis
747 2363 857 2424 Lae'rtii
878 2386 955 2449 opus
977 2362 1202 2453 „pctdoopov

150 2466 300 2548 ἱστορίαν
308 2470 326 2498 “
352 2469 585 2552 praetermittere
604 2465 724 2551 potuit?
773 2463 810 2526 Id
832 2486 888 2544 ego
909 2487 1030 2550 quoque
1053 2473 1199 2560 mirarer,

148 2566 207 2629 nisi
230 2586 267 2625 ea
289 2579 369 2629 esset
388 2568 470 2652 apud
487 2568 615 2629 Suidam
636 2568 818 2649 corruptela,
854 2587 912 2649 qua
931 2570 1018 2630 facile
1040 2573 1200 2644 librorum

147 2671 363 2731 nonnullorum
382 2671 461 2730 tituli
477 2669 615 2731 excidere
632 2678 780 2753 poterant.
821 2667 932 2731 Nonne
951 2682 1066 2752 autem,
1090 2678 1118 2738 si
1129 2702 1200 2764 po.

146 2771 254 2833 sterior
270 2791 341 2832 mea
360 2772 529 2834 coniectura
550 2773 645 2850 valet,
675 2791 735 2855 qua
752 2767 938 2851 Cyzicenum
953 2771 1130 2854 Diogenem
1151 2788 1199 2848 ab

147 2874 195 2936 his
208 2873 323 2958 scriptis
336 2873 532 2952 secludimus,
553 2884 588 2934 ut
600 2873 703 2958 ipsum
721 2874 850 2934 verbum
861 2868 981 2954 ἔγραψε
992 2883 1200 2958 praetenuis.

147 2996 217 3037 sum
228 2996 295 3036 csse
308 2986 405 3059 patet,
425 2979 467 3038 ita
481 2977 595 3062 primos
607 2993 729 3058 quoque
741 2972 844 3032 titulos
856 2992 961 3033 secum
973 2975 1097 3034 uaxisse
1109 2999 1201 3060 pro-

145 3076 246 3138 babile
261 3076 329 3140 est?

231 3175 373 3258 Ceterum
384 3195 474 3259 quam
486 3171 584 3252 graus
598 3172 637 3234 sit
647 3171 809 3255 magnique
820 3171 969 3232 momenti
979 3194 1014 3233 ea
1027 3174 1195 3245 coniectu-

144 3299 193 3356 ra,
222 3279 300 3340 mihi
320 3298 384 3337 non
405 3276 628 3357 incompertum
649 3286 703 3336 est.
746 3272 869 3334 Etenim
888 3271 1056 3335 dubitatum
1075 3289 1122 3338 est
1143 3281 1194 3348 de

145 3381 270 3440 nomine
292 3369 506 3454 ,,Λαέρτιος,“
526 3386 629 3437 utrum
642 3374 717 3438 illud
730 3396 747 3436 a
762 3387 863 3460 patre,
886 3395 926 3434 an
940 3378 978 3436 ab
995 3379 1070 3438 urbe
1085 3379 1192 3446 Lae'r.'

144 3492 183 3556 te,
201 3498 279 3561 quae
293 3486 339 3536 est
350 3477 382 3536 in
399 3474 510 3554 Cilicia,
524 3479 680 3563 acceperit
723 3476 826 3538 Antea
837 3477 927 3556 igitur
939 3499 1032 3560 quum
1045 3481 1192 3566 plerique

144 3578 328 3666 opinionem,
338 3576 538 3660 posteriorem
561 3580 693 3664 amplexi
712 3589 828 3640 essent:
850 3599 931 3638 nunc
945 3581 1051 3663 prio‘ris
1069 3585 1191 3652 veritas

143 3689 222 3741 esset
242 3676 466 3760 demussata
496 3675 581 3756 Quid
600 3679 723 3742 autem?
751 3680 886 3741 iustaene
905 3678 1029 3743 aderant
1046 3703 1188 3770 caussae,

142 3779 250 3863 quibus
262 3779 408 3840 commoti
419 3781 519 3842 virum
534 3801 573 3840 ex
586 3778 693 3840 Laerte
706 3790 805 3840 ortum
817 3785 980 3864 putarunt?
1010 3784 1092 3864 Lege
1109 3786 1189 3852 Me.

141 3879 265 3957 nagium
280 3888 311 3939 et
321 3877 458 3940 lonsium
475 3882 505 3941 ll.
520 3882 564 3956 ll.,
596 3883 663 3958 lege
676 3879 846 3945 Fabricitun
859 3884 910 3944 lib.
926 3883 981 3946 IV.
1004 3907 1067 3972 cap.
1082 3886 1188 3958 XIX.

142 3981 285 4064 aliosque.
327 3979 409 4042 Nihil
425 3981 509 4059 certi,
532 3981 608 4042 nihil
619 3981 701 4066 quod
716 4004 823 4063 cogere
838 3983 935 4069 possit
950 3987 1085 4049 streame
1123 3990 1187 4054 Ni.
