2534 4644
104 437 226 504 Deinde
243 458 300 524 pro
321 432 495 519 ἐδιᾶιρονς
515 441 630 503 hahent
650 439 720 502 edd.
738 438 850 503 Venet.
872 450 903 500 et
921 406 1160 535 Quoi·

103 563 219 625 τοονς,
249 539 298 602 ed.
319 538 387 602 Cas.
408 534 590 621 ίλεοῖιρονς.
635 541 698 604 Sed
720 562 815 627 quum
845 541 908 601 iam
926 522 1160 605 Vdffi'e’nartus

104 647 144 710 ad
154 644 359 707 Ammonium
370 663 400 726 p.
412 641 462 705 74.
477 655 557 704 reete
572 639 748 723 ἐδεάτρονς
760 642 953 728 reposuerit,
965 640 1159 725 Schweigh.

103 751 166 813 suis
189 745 374 808 membranis
390 745 566 822 instructus,
588 746 781 810 Valckenarii
801 746 984 810 sententiam
1006 744 1159 825 firmari,

104 853 190 912 aar.
206 851 225 909 1.
239 869 270 931 p.
284 851 356 910 612.
926 865 931 873 ·

187 951 272 1011 Haec
285 947 324 1009 de
336 946 510 1011 Athenaeo.
553 948 589 1011 ln
601 950 796 1030 Hesychiano
813 950 912 1012 lexico
928 971 1032 1034 neque
1051 942 1159 1028 είλεός

103 1074 201 1140 neque
227 1047 388 1129 εἰλέατροι
416 1062 573 1113 occurrunt
598 1053 766 1135 quaerenti,
803 1050 859 1113 sed
887 1073 911 1113 s.
936 1072 968 1114 r.
1000 1047 1157 1133 ίλέατροι

103 1146 179 1219 haec
199 1153 368 1215 dictasunt
388 1145 569 1232 ,,Ἐλέατοι·
598 1151 632 1215 oi
652 1149 938 1236 δειπνοκλήτορες“
966 1154 1023 1217 ubi
1046 1176 1157 1217 recen-

102 1259 194 1320 tiores
222 1252 369 1335 ἐλέατροι
387 1256 520 1318 scribunt
545 1267 576 1317 et
602 1252 766 1339 βασιλικοί
790 1255 921 1333 addunt,
950 1257 1005 1316 cfr.
1031 1254 1156 1321 Arbeu

102 1373 167 1423 not.
211 1357 301 1437 Quae
321 1378 415 1440 quum
438 1358 595 1420 verissime
623 1359 784 1421 emendata
807 1359 883 1422 sint:
913 1358 1157 1443 epitomatorem

102 1464 276 1526 breviorem
287 1457 476 1519 Artemidori
488 1460 766 1545 interpretationem
787 1461 918 1541 longiori
926 1458 1156 1544 Pamphilanae

103 1564 279 1650 praetulisse
295 1572 427 1645 apparet.
472 1559 571 1622 Simul
586 1560 659 1623 inde
671 1564 853 1643 intelligitur,
876 1559 1033 1641 ἐλέαιρος
1050 1584 1157 1627 veram

104 1689 171 1729 esse
192 1675 222 1725 et
241 1666 279 1724 ab
299 1661 454 1722 Athenaei
475 1683 569 1723 manu
588 1667 755 1748 profectam
772 1667 958 1750 scripturam.
1005 1661 1156 1728 Ceterum

103 1769 135 1828 iu
152 1786 230 1828 voce
250 1757 337 1835 ἐλεὸς
357 1763 580 1848 interpretanda
604 1768 803 1844 conveniunt,
825 1764 942 1827 Athen.
965 1787 997 1850 p.
1031 1771 1112 1846 173,
1132 1791 1155 1831 a.

103 1879 134 1931 et
153 1867 287 1946 Hesych.
310 1885 334 1926 s.
351 1884 382 1926 v.
424 1863 582 1930 Praeterea
603 1871 768 1954 quaeritur,
790 1869 857 1952 quis
874 1869 926 1928 ille
945 1867 986 1929 sit
1012 1871 1155 1957 scriptor,

104 1971 186 2050 euius
198 1971 291 2031 verba
306 1961 486 2030 Athenaeus
503 1968 543 2031 de
555 1993 634 2034 voce
654 1967 805 2050 ἐδέατρος
825 1968 1032 2054 adscripserit.
1084 1973 1155 2036 Val-

103 2071 260 2134 ekenarius
281 2070 364 2131 enim
385 2069 460 2131 dum
480 2070 520 2132 ad
538 2069 745 2133 Ammonium
767 2070 875 2133 Anim.
897 2093 927 2156 p.
950 2075 1003 2135 78.
1031 2080 1049 2151 ί
1056 2098 1093 2161 p.
1110 2077 1154 2142 ὄλ

104 2173 152 2237 ed.
168 2175 272 2257 Lips.)
295 2171 334 2234 ad
347 2171 578 2235 Artemidorum
592 2196 628 2236 ea
638 2175 766 2237 rettulitr
790 2186 891 2235 eontra
903 2164 1155 2259 Schweighaeu-

27 2308 30 2316 =
103 2297 187 2340 serus
209 2297 273 2336 non
297 2276 369 2336 satis
392 2297 459 2336 esse
485 2278 680 2362 perspicuum
706 2277 762 2355 ait,
790 2280 919 2340 verbum
943 2276 1042 2358 φησί’
1056 2294 1155 2345 utrum

103 2379 143 2441 ad
157 2377 352 2461 Pamphilum
365 2377 412 2453 sit,
434 2398 475 2438 an
490 2377 529 2438 ad
546 2377 776 2440 Artemidorum
791 2376 995 2440 referendum.
1048 2382 1087 2445 Si
1100 2404 1155 2447 no.

103 2493 162 2543 stra
185 2490 232 2541 est
255 2498 328 2540 vera
350 2477 443 2555 ratio,
472 2502 535 2541 non
562 2478 762 2542 dubitandum
784 2489 842 2555 est,
873 2480 946 2562 quin
971 2486 1089 2547 omnia
1119 2484 1153 2548 qd

102 2581 298 2665 Pamphilum
312 2581 460 2642 trahenda
478 2583 553 2660 sint,
576 2603 615 2643 ex
629 2603 689 2665 quo
704 2581 805 2666 ipsam
818 2578 1009 2644 Artemidori
1028 2599 1153 2651 senten-

102 2685 177 2745 tiam
193 2678 310 2769 Athen.
331 2685 480 2746 hauserat.
531 2682 675 2762 Legimus
706 2692 808 2744 autern
828 2681 861 2741 in
880 2682 1017 2762 Hesych.
1042 2689 1152 2768 lexioo,

103 2808 169 2848 rem
191 2784 322 2848 eandem
353 2780 557 2864 ‚hotmen
586 2779 787 2865 προγεύοτης
810 2781 973 2866 βασιλέοιν
994 2780 1152 2875 ἐπιμελη-

103 2886 162 2971 τὴς
182 2886 350 2953 (ίείιινον.“
398 2885 546 2948 Attamen
568 2887 672 2947 omnia
694 2899 830 2949 accurate
850 2887 1055 2974 perpendenti
1076 2895 1151 2957 mihi

103 2993 161 3052 alia
174 2993 301 3053 subnata
320 3001 365 3052 est
383 2991 498 3074 opinio,
542 2989 688 3072 Loquitur
707 2992 790 3053 enirn
810 2991 850 3054 de
868 2995 925 3053 hac
944 3009 1024 3053 voce
1039 2990 1150 3059 Eusta-

102 3093 183 3153 thius
199 3089 239 3151 ad
258 3089 372 3171 Odyss.
387 3112 417 3168 α,
438 3111 469 3174 p.
483 3096 533 3153 37.
545 3114 575 3176 p.
593 3096 632 3155 16
647 3114 729 3179 seqq.
753 3094 802 3156 ed.
817 3093 908 3156 Rom.
931 3086 987 3167 „itt
1005 3094 1074 3154 τοῦ
1098 3091 1151 3165 αὖ

102 3192 163 3256 τοῦ
184 3187 248 3272 γὰρ
273 3187 418 3273 ῥήματος
438 3187 494 3252 καί
516 3189 536 3255 ὁ
558 3188 648 3273 παρὰ
667 3195 770 3282 Αίλίῳ
787 3189 955 3272 Διονυσίῳ
978 3184 1150 3277 ἐδέατρος·

103 3290 178 3375 trapi
207 3281 250 3356 οὗ
274 3291 358 3373 λέγει
379 3289 519 3370 ἐκεῖνος,
550 3290 603 3360 ὅτι
629 3295 666 3360 τὸ
688 3296 748 3380 μὲν
769 3292 875 3376 ὄνομα
897 3285 1114 3374 Ἑλληνικόν·
1133 3298 1151 3386 'i

44 3386 52 3398 ’
104 3397 140 3462 δὲ
167 3395 258 3480 χρεία
288 3391 449 3478 Περσική·
475 3384 519 3480 ἦν
545 3394 581 3463 δέ
608 3415 689 3482 φησι
718 3391 934 3477 προνιύσιης·
955 3401 1152 3473 moneretur

103 3501 164 3563 τοῦ
185 3495 343 3581 βασιλέως
363 3498 408 3573 εἰς
429 3494 625 3583 ἀσφάλειαν·
645 3499 787 3576 ὕστερον
809 3494 844 3560 di
872 3493 1033 3581 ἐνομίσθη
1057 3497 1152 3570 tota-

7 3614 26 3629 ““
103 3622 185 3682 τρον
212 3604 323 3664 καλεῖν
349 3598 409 3665 τὸν
436 3597 610 3686 ἐπιστάτην
636 3605 693 3682 τῆς
714 3596 792 3681 ὅλης
810 3597 979 3674 διακονίας
1000 3599 1060 3664 καί
1084 3626 1151 3671 πα-

104 3706 297 3786 ρασκευῆς.“
338 3703 442 3789 Itaque
455 3705 627 3768 Eustathius
647 3700 757 3764 iisdem
769 3724 882 3788 paene,
904 3703 1012 3788 quihus
1024 3704 1151 3791 Noster,

102 3807 203 3869 verbis
215 3827 304 3870 usus:
323 3819 425 3870 tamen
442 3829 498 3869 nec
511 3828 550 3868 ex
561 3804 722 3889 Pamphilo
737 3827 793 3866 nec
808 3826 847 3867 ex
860 3803 1071 3888 Artemidoro,
1095 3812 1151 3877 sed

104 3930 142 3969 ex
152 3907 245 3970 Aelio
253 3908 405 3992 Dionysio
420 3931 473 3972 sua
488 3907 713 3992 deprompsisse
724 3909 888 3993 profitetur.
932 3905 1018 3985 Quid
1030 3910 1151 3991 igitur?

101 4010 128 4071 si
146 4008 288 4095 Dionysii
312 4032 441 4089 nomen,
465 4032 528 4074 non
547 4029 615 4073 raro
631 4011 704 4076 alibi
718 4021 920 4073 memoratum
940 4010 973 4072 in
988 4004 1152 4083 Athenaei
