2534 4644
152 435 255 499 missa.
312 434 432 498 Vocem
455 427 712 515 ἐπιγραμμάτων
733 453 751 494 a
772 430 898 494 nornine
922 430 1114 515 zopyrionis
1144 429 1214 495 dis-

152 538 327 614 iunxerunt,
352 547 383 596 et
404 535 624 596 coniunxerunt
644 555 714 594 cum
735 554 814 597 voce
836 525 1045 615 ἀνθολόγιον.
1096 528 1214 598 ἐπίτο-

153 660 219 722 μον
247 623 444 717 ἆναγραφὴν
473 634 741 720 praecedentibus,
775 629 970 717 συναγωγὴν
1001 636 1213 717 sequentibus

153 737 343 800 addiderunt.
386 735 467 798 Tam
481 748 602 821 apertae
622 746 724 798 autem
737 735 917 798 videbantur
931 737 991 797 hae
1003 737 1212 814 mutationes,

152 851 186 905 ut
203 858 296 901 nemo
319 836 358 898 de
378 858 481 898 earum
498 837 624 900 veritate
644 836 802 900 dubitaret.
844 837 924 897 Hinc
946 839 1062 898 sactum
1085 849 1154 916 est,
1178 848 1214 900 ut

152 939 381 1020 Diogenianum
401 938 653 1023 epigrarmnaturn
679 939 889 1000 collectoribus
909 937 949 1000 ad
968 959 1065 1004 unum
1091 960 1214 1004 omnes

152 1041 399 1115 adnumerarent,
433 1038 505 1117 (cir.
524 1038 633 1101 Iacobs
649 1051 680 1100 et
697 1040 730 1100 in
747 1039 954 1117 Prolegomm.
968 1037 1008 1099 ad
1024 1037 1212 1123 Antholog.

23 1137 33 1157 ‘
152 1165 184 1228 p.
194 1140 355 1205 XXXIV.
364 1161 446 1224 seqq.
459 1152 490 1202 et
501 1141 533 1202 in
546 1140 792 1225 Encyclopaedia
804 1140 922 1202 Erschii
933 1151 964 1200 et
975 1136 1112 1201 Gruberi
1130 1163 1161 1204 s.
1178 1165 1213 1209 v.

152 1241 378 1321 Anthologie,)
404 1253 434 1302 et
455 1242 487 1302 in
509 1240 649 1303 ordinem
664 1243 858 1326 scriptorum,
881 1243 932 1326 qui
952 1262 1000 1302 res
1013 1245 1213 1329 geographi-

153 1364 203 1406 cas
221 1344 395 1423 tetigerunt,
424 1342 605 1427 reciperent,
627 1347 680 1407 cfr.
701 1344 849 1413 Vossiurn
869 1342 908 1405 de
920 1343 1032 1404 Hister.
1048 1339 1106 1412 Gr.
1125 1347 1149 1406 l.
1167 1345 1210 1409 11.

153 1445 276 1523 c.XII,
297 1467 328 1529 p.
344 1448 423 1520 221,
448 1441 487 1505 de
504 1443 652 1523 lllathesi,
675 1467 740 1529 cap.
762 1443 913 1521 LXVIII,
942 1441 970 1525 ξ.
999 1449 1047 1506 11.
1096 1444 1213 1512 Ulterti

152 1543 440 1626 alte'Geographie,
469 1541 542 1620 tl,
573 1567 605 1629 p.
629 1545 701 1610 224.
753 1543 817 1608 Sed
837 1565 901 1604 non
923 1542 1033 1606 eadem
1053 1549 1212 1613 omnium

151 1646 311 1725 consensio
323 1643 380 1704 suit
392 1642 425 1702 in
441 1643 561 1724 ceteris;
576 1667 675 1728 neque
682 1645 792 1707 eadem
803 1643 1041 1706 inemendandis
1049 1647 1139 1711 vitiis
1154 1673 1212 1713 sa-

150 1746 270 1826 gacitas.
292 1743 372 1805 Nam
383 1765 477 1827 quum
490 1745 650 1830 unicuique
662 1747 816 1826 cognitum
832 1747 879 1824 sit,
893 1747 1070 1808 scholiastes
1085 1749 1211 1815 adver.

149 1849 203 1911 bio
217 1839 341 1929 μήποτε
355 1866 427 1906 usos
445 1865 521 1923 esse,
536 1847 587 1907 ubi
602 1846 821 1909 dubitationem
828 1845 981 1930 quandam
996 1859 1026 1909 et
1039 1851 1210 1917 coniectu.

149 1970 216 2011 ram
229 1969 318 2010 suam
330 1965 501 2031 proponere
514 1949 621 2009 volunt
633 1959 663 2008 et
679 1949 742 2008 iam
758 1951 796 2010 ab
809 1949 941 2010 Henrico
959 1948 1122 2034 Stephano
1140 1977 1209 2018 no-

148 2061 245 2112 tatum
268 2049 301 2109 in
318 2047 492 2131 Proparasc.
519 2046 558 2108 ad
587 2049 669 2110 Lect.
694 2051 790 2111 schol.
823 2046 964 2112 Graecor.
993 2051 1027 2112 in
1049 2050 1209 2139 Thucyd.

148 2153 264 2236 script,
287 2170 363 2233 quae
375 2148 462 2209 initio
482 2149 559 2210 sexti
574 2150 739 2212 voluminis
756 2149 945 2232 Thucydidis
960 2150 1086 2238 Bipont.
1104 2180 1209 2246 repe.

148 2253 201 2314 tita
215 2262 270 2329 est,
290 2272 321 2334 p.
337 2255 388 2313 20.
403 2271 482 2333 seq:
504 2261 608 2312 tamen
619 2245 808 2332 ἐαισιητέον
821 2251 896 2312 illud
907 2253 1149 2323 incommodum
1160 2300 1205 2313 -

147 2354 295 2432 significat
315 2351 412 2412 enim:
442 2349 615 2413 sciendum
632 2359 680 2413 eet
701 2384 740 2399 -
762 2356 879 2431 locum,
908 2376 999 2438 quem
1020 2376 1207 2443 occupave-

147 2464 208 2529 rat,
229 2450 351 2513 retinuit
362 2471 458 2534 usque
471 2450 512 2512 ad
531 2463 684 2514 recentem
705 2464 850 2534 aetatem,
872 2477 931 2540 qua
951 2455 1107 2520 estBastii
1123 2461 1206 2529 dffl'.

148 2552 247 2632 gentia
265 2562 296 2611 et
312 2549 469 2613 Schaeferi
488 2553 602 2615 iudicio
624 2566 779 2635 coacttun,
800 2579 872 2618 eum
897 2559 968 2620 roci
988 2553 1206 2648 ἐπιστατέον,

145 2654 167 2714 i.
189 2674 216 2714 e.
238 2651 505 2736 considerandum,
527 2655 695 2719 videndum
718 2668 778 2737 est,
804 2661 991 2744 relinquere3
1020 2665 1071 2724 cfr.
1098 2663 1202 2752 Greg.

148 2752 284 2816 Corinth.
307 2753 346 2815 de
365 2752 447 2817 diall.
467 2777 499 2840 p.
522 2755 594 2820 241.
617 2757 666 2821 ed.
690 2758 812 2823 Schaef.
854 2760 977 2826 Deinde
992 2766 1077 2828 vario
1091 2771 1203 2835 modo

145 2866 258 2918 tentata
270 2865 357 2917 sunt:
380 2854 552 2930 παντοίοις
571 2853 692 2939 λόγοις.
734 2860 875 2948 Denique
895 2864 979 2948 quod
995 2863 1068 2944 περὶ
1086 2887 1203 2938 ‹rora-

144 2956 218 3037 patu
241 2954 362 3016 duobus
382 2956 465 3018 libris
485 2958 640 3042 scripsisse
658 2960 779 3042 dicitur,
807 2967 921 3027 multos
942 2965 1076 3024 offendit.
1121 2967 1201 3034 Sed

144 3057 193 3117 via
214 3077 232 3115 a
252 3053 378 3116 Schotto
400 3056 489 3136 inita,
520 3061 572 3142 qui
591 3083 648 3145 pro
666 3064 827 3145 ποταμοῖν
847 3064 1034 3144 παροιμιῶν
1053 3061 1198 3134 scribere

143 3157 280 3232 volebat,
304 3152 418 3218 Vossio
441 3152 565 3243 quidem
585 3184 658 3226 vera
676 3185 744 3226 esse
764 3162 939 3240 videbatur,
960 3160 999 3223 de
1014 3162 1196 3246 philologia

144 3277 209 3341 cap.
223 3254 287 3333 VI,
309 3253 336 3337 §-
354 3263 384 3321 2.
408 3259 513 3347 (Opp.
529 3263 602 3326 Vol.
616 3263 669 3325 ΠΙ.
685 3263 719 3326 Ρ.
735 3263 790 3327 ΠΙ.
811 3287 843 3350 p.
860 3264 911 3328 45.
928 3266 982 3344 a),
1004 3262 1196 3349 displicebat

142 3369 245 3421 autem
260 3357 305 3420 Io.
317 3357 390 3422 Alb.
402 3360 556 3442 Fabricio,
578 3366 651 3427 bibl.
666 3361 718 3427 Gr.
739 3366 791 3428 lib.
815 3364 871 3427 IV.
895 3384 959 3449 cap.
981 3363 1042 3427 IX.
1086 3364 1193 3442 Ulter-

140 3469 189 3519 tus
203 3469 321 3535 tamen,
345 3463 365 3522 l.
379 3464 399 3523 l.
417 3461 537 3526 duobus
556 3465 769 3526 tantummodo
786 3467 869 3528 libris
882 3464 1066 3545 Diogeniani
1078 3472 1193 3533 nomi.

140 3560 227 3636 natis,
246 3558 365 3622 Schotti
377 3566 559 3626 sententiam
573 3565 675 3628 denuo
689 3579 811 3630 secutus
822 3578 877 3630 est.
921 3568 960 3630 Ut
970 3580 1072 3630 tamen
1087 3588 1192 3655 saepe

139 3660 204 3753 fieri
224 3663 315 3740 solet,
344 3662 377 3724 id
397 3664 642 3748 quodomnium
662 3670 887 3754 apertissimum
903 3671 1012 3734 titium
1033 3681 1110 3749 erat,
1141 3674 1190 3740 ad

122 3759 220 3841 ¹hunc
239 3783 335 3847 usque
355 3763 453 3844 diem,
473 3779 596 3830 nactum
612 3760 738 3852 quidern
758 3783 819 3851 est,
846 3773 898 3857 qui
916 3772 1188 3857 animadverteret,

137 3873 167 3923 et
184 3861 317 3941 videret,
341 3863 397 3926 sed
415 3888 479 3928 non
498 3870 550 3953 qui
568 3883 696 3932 mnaret.
744 3869 866 3937 Etenim
885 3887 1049 3960 postquam
1067 3873 1188 3941 Suidas

136 3960 177 4023 ita
188 3964 354 4048 inceperat,
374 3959 462 4042 „lore
485 3964 522 4033 tt
544 3964 649 4036 αὐτοῦ
668 3973 783 4056 βιβλία
802 3979 937 4059 ταῦιαίί,
960 3980 998 4040 ab
1011 3975 1097 4038 initio
1110 3979 1187 4060 qui-
