2534 4644
99 260 144 323 ts

187 428 272 491 Haec
294 425 388 491 habui
404 423 590 507 Ditrgeniani
609 427 803 509 fragmenta,
817 444 895 512 quae
915 446 986 489 cnm
1001 424 1163 509 Hesychii

105 529 192 594 dictis
210 541 396 615 comparata,
417 540 517 592 utrtun
533 550 641 592 verum
658 531 713 608 sit,
737 528 818 615 quod
830 529 1006 612 Hesychius
1019 527 1064 590 de
1080 527 1163 591 Dio-

106 634 226 715 geniani
236 633 334 693 lexico
349 651 447 695 asese
457 641 579 716 recepto
596 629 727 711 dixerat,
755 653 853 695 necne
876 629 998 693 docent.
1047 627 1164 710 Quan-

106 756 197 821 quam
210 744 312 795 autern
325 733 353 795 si
368 733 434 817 quis
448 753 552 795 meam
564 736 803 814 fragmentorum
816 733 936 818 copiam
954 753 1032 794 cum
1044 730 1163 797 Ruhn-

93 837 234 899 ¹keniana
248 835 480 920 comparaverit,
502 854 582 900 nunc
600 837 692 915 longe
701 838 787 921 plura
799 838 923 898 collecta
934 855 1006 896 esse
1019 833 1163 900 videbit:

104 950 208 1001 tamen
218 959 270 1000 me
286 937 443 1016 collegisse
456 936 574 1015 omnia,
594 937 696 1022 ipsum
705 959 763 1019 me
773 938 827 1001 vix
838 957 959 1024 sperare
971 935 1050 1001 sinit
1063 938 1163 1001 libro-

104 1065 173 1105 rum
186 1061 326 1103 meorum
338 1039 451 1125 inopia.
494 1038 600 1122 Neque
613 1039 744 1124 produxi
755 1043 882 1102 fortasse
895 1060 933 1102 ea
943 1039 1068 1118 omnia,
1084 1061 1164 1126 quae

106 1146 183 1207 mihi
203 1145 312 1204 licebat
332 1162 371 1203 ex
384 1161 455 1203 mea
470 1142 653 1224 supellectile
673 1141 859 1227 conquirere.
902 1137 1164 1219 Quomodocnn-

107 1268 166 1331 que
176 1245 208 1308 id
221 1255 280 1323 est,
301 1242 364 1305 iam
374 1243 484 1328 poterit
494 1241 640 1304 iudicium
653 1240 692 1305 de
704 1265 755 1323 re,
772 1265 865 1329 quam
878 1244 1051 1324 agitamus,
1079 1245 1164 1310 ferri.

194 1346 329 1410 Lexicon
340 1345 568 1427 Hesychiantnn
580 1367 725 1427 magnam
741 1359 858 1432 partem
872 1344 1165 1426 Diogenianearrnn

108 1455 276 1534 glossarum
295 1449 462 1528 continere,
490 1470 583 1511 nemo
601 1469 665 1509 non
681 1449 836 1528 intelliget.
878 1446 982 1532 ltaque
1002 1469 1165 1533 quaeren-

109 1552 183 1615 dum
196 1552 285 1613 nobis
298 1561 357 1627 est,
379 1572 439 1633 quo
459 1548 554 1610 modo
571 1552 685 1611 factum
703 1552 755 1628 sit,
775 1561 810 1610 ut
826 1572 890 1611 non
909 1569 1023 1611 omnes
1036 1552 1166 1630 glossae

108 1653 305 1736 reperiantur,
327 1649 409 1735 quod
422 1651 448 1712 si
465 1652 609 1735 epistolae
628 1651 753 1737 scriptor
769 1673 842 1715 vera
860 1650 950 1729 dixit,
971 1665 1165 1737 exspectan-

100 1742 280 1815 duruerat.
331 1751 424 1815 Catius
447 1754 490 1815 rei
516 1773 624 1814 causae
649 1751 787 1816 diversae
807 1755 896 1816 facile
914 1753 1166 1838 perspiciunhrr3

109 1851 182 1941 qrias
197 1855 370 1940 priusquam
388 1852 626 1940 perpendamus,
646 1857 780 1939 quaestio
801 1867 901 1918 utrum
919 1852 970 1939 qui
982 1851 1166 1936 Diogenis-

109 1979 186 2020 num
203 1956 377 2033 nominant,
406 1954 468 2018 fide
487 1955 572 2036 digni
587 1957 730 2018 homines
754 1958 866 2018 fuerint
884 1977 923 2018 an
941 1953 1086 2036 indigni,
1110 1980 1166 2022 eo-

109 2081 236 2144 rumque
248 2061 342 2120 verba
355 2079 372 2119 a
384 2059 510 2120 librariis
530 2069 681 2143 corrupta,
703 2078 742 2120 an
752 2060 867 2140 integra
882 2058 922 2120 ad
933 2078 990 2120 nos
1004 2063 1164 2140 venerint,

105 2185 174 2228 non
190 2172 236 2225 est
253 2159 469 2223 obliviscenda.
511 2159 592 2223 Nam
611 2159 671 2224 dici
688 2182 752 2223 non
769 2172 884 2248 potest,
906 2160 1027 2246 quoties
1045 2162 1086 2226 in
1105 2186 1165 2228 no-

109 2266 243 2329 minibus
257 2262 382 2325 citandis
394 2261 475 2346 apud
489 2274 606 2326 veteres
618 2275 740 2348 peccata
753 2264 915 2325 commissa
930 2263 998 2325 sint.
1044 2262 1164 2330 Ruhn.

110 2367 217 2429 kenius
240 2363 471 2442 demonstravit,
503 2359 711 2446 Ἀρίσταρχος
730 2374 761 2425 et
781 2357 980 2446 Ἀρχίλοχος,
999 2360 1164 2447 ‘Halotus

111 2477 143 2529 et
165 2459 383 2544 Ἡλιόδωρος,
408 2458 588 2544 Ἡρόδοτος
615 2477 646 2528 et
663 2459 883 2547 Ἡρωδιανός,
916 2465 1163 2552 Πεισίστρατος

111 2579 143 2630 et
167 2562 428 2647 Καλλίστρατος,
455 2560 636 2650 Ἵππαρχος
664 2579 695 2631 et
726 2566 889 2651 Τίμαρχος
915 2570 1075 2633 confundi.
1109 2577 1162 2637 cfr.

111 2671 206 2756 praef.
219 2666 258 2730 ad
271 2667 406 2749 Hesych.
417 2664 457 2747 11,
476 2690 506 2753 p.
519 2672 549 2732 6.
562 2691 645 2756 seqq.
669 2669 719 2757 (p.
738 2675 807 2736 190.
819 2692 901 2756 seqq.
918 2670 966 2735 ed.
978 2669 1161 2757 Friedem.)

112 2768 198 2833 Add.
210 2769 319 2834 Valck.
339 2769 379 2832 ad
391 2768 509 2834 Phoen.
527 2793 558 2857 p.
573 2771 645 2837 744.
688 2772 799 2837 Nonne
811 2773 902 2853 igitur
916 2774 1059 2835 facillime
1076 2773 1163 2839 Dio·

112 2873 249 2954 geniani,
279 2871 425 2951 Diodori,
452 2874 595 2957 Dionysii
616 2877 743 2938 nomina
765 2875 941 2959 permutari,
970 2874 1068 2933 immo
1102 2900 1163 2962 pm

112 2974 306 3054 Diogeniano
317 2975 525 3054 Herodianus,
546 2998 602 3060 pro
624 2975 801 3039 Herodiano
817 2973 1026 3052 Diogenianus
1045 2983 1165 3056 appel.

111 3077 166 3143 lari
179 3076 300 3161 potuit?
320 3088 355 3139 ut
369 3075 451 3163 apud
464 3075 580 3138 Athen.
592 3073 658 3153 XI,
679 3074 751 3138 501.
773 3071 946 3133 Diodorum
963 3080 995 3131 et
1008 3070 1163 3143 Herodo.

112 3187 179 3239 trun
194 3181 338 3240 confusos
352 3199 419 3240 esse
432 3176 543 3238 dicunt.
584 3173 736 3258 Exemplo
749 3174 839 3263 allato
854 3171 1035 3236 sententiam
1047 3194 1161 3245 meam

113 3277 283 3344 declarabo.
334 3271 491 3360 Ἑρμαῖα,
526 3273 721 3355 Syracosium
753 3276 825 3337 esse
851 3274 1021 3337 certaminis
1046 3296 1159 3363 genus,

113 3403 162 3467 ap.
181 3380 257 3443 Plat.
275 3380 371 3442 schol.
391 3398 431 3439 ex
450 3375 644 3455 Diogeniano
667 3376 785 3456 citatur,
810 3377 844 3439 in
867 3377 1022 3459 Hesychio
1044 3379 1160 3446 fruma

113 3480 272 3566 quaeritur.
319 3477 407 3540 Idem
425 3479 587 3542 scholiasta
606 3479 692 3541 novit
709 3479 830 3541 lexicon
841 3478 979 3541 Atticum
998 3476 1158 3563 Dionysii,

114 3585 166 3644 cfr.
183 3603 214 3667 p.
229 3579 300 3643 460.
314 3576 411 3640 Beltk.
428 3581 496 3641 coll.
513 3579 616 3662 Etym.
638 3578 682 3641 ill.
704 3601 729 3641 s.
749 3602 779 3644 v.
801 3575 982 3664 discriptos,
1004 3581 1056 3663 qui
1066 3579 1159 3649 Pho-

112 3683 155 3743 tio
170 3694 252 3750 teste,
261 3680 399 3765 inprimis
419 3684 514 3744 multa
535 3681 575 3743 de
592 3681 678 3743 festis
696 3679 806 3745 Atticis
827 3681 999 3768 disputavit.
1049 3679 1160 3762 „dom

113 3802 148 3848 re
168 3777 233 3865 γὰρ
247 3777 543 3866 ἐκιχωριοίζουοι,“
567 3783 623 3860 ait,
646 3830 665 3860 ,,
672 3778 770 3860 λέξεις
783 3785 853 3858 τοῖς
870 3778 1060 3868 Ἀθηναίοις
1078 3789 1162 3887 περί

113 3903 147 3949 τε
168 3878 227 3959 τὰς
250 3878 365 3965 iogicis
385 3882 441 3949 καὶ
462 3880 521 3960 τὰς
542 3881 651 3959 diuos,
674 3878 829 3948 ἐντεῦθεν
849 3879 939 3948 ἐστίν
958 3879 1162 3967 ἕκμοθεῖν.“

113 3984 179 4048 Iam
200 4007 294 4071 quum
319 3987 400 4072 apud
424 3985 630 4049 Athenienses
650 3984 816 4048 Mercurius
834 3987 969 4050 maxime
996 3990 1163 4074 coleretur,
