2534 4644
746 102 779 187 Ο

138 217 183 304 te

137 393 229 476 dere3
252 397 321 480 quia
334 395 418 481 apud
432 398 513 457 hunc
531 417 638 460 avoce
660 393 782 479 ἔγραψε
802 386 1039 482 coepitSiridas,
1061 407 1093 461 et
1108 418 1190 480 pro·

24 537 29 543 s
139 508 243 583 pterea
257 498 432 561 accusativis
450 499 496 558 uti
509 495 649 559 debebat.
691 498 737 561 Ita
758 510 831 583 post
860 495 959 578 ‚strepi
984 495 1161 578 στοιχείων
1170 496 1190 529 “

137 599 372 680 adiungerentur
406 595 507 687 ,περὶ
533 600 693 679 ποταμῶν
720 595 806 662 κατὰ
836 603 997 683 στοιχεῖον
1024 594 1191 681 ἐπίτομον

64 770 68 777 ,
124 693 355 791 1ὀἔααγοαφὴτν
379 687 575 782 συναγωγὴν
596 693 652 762 καὶ
672 697 797 763 πίνακα
817 704 886 764 τῶν
907 699 944 765 ἐν
964 695 1053 784 πάσῃ
1074 703 1120 784 τῇ
1143 709 1191 784 γῇ

101 796 110 813 ”
138 793 269 860 ’πόλεων
295 786 352 863 καὶ
379 795 419 864 τοὶ
438 796 583 880 λοιποί.“,
612 823 672 885 qua
690 801 806 862 ratione
826 803 922 863 simul·
936 803 988 865 illa
1012 802 1191 874 difficultas,

142 920 219 983 quae
234 921 273 961 ex
285 899 398 986 duplici
415 899 517 982 ,strepi
537 904 695 985 ποταμῶν
702 904 720 935 “
743 915 807 965 orta
819 914 879 981 est,
901 905 968 966 sine
985 909 1047 967 ulla
1060 917 1192 969 contro-

30 994 35 1007 '
140 1002 239 1064 versia
253 1004 374 1065 tollitur.

226 1102 375 1166 Attamen
400 1103 540 1167 nondum
571 1107 642 1167 huic
668 1104 865 1192 disputationi
888 1100 1018 1171 modum
1052 1121 1194 1172 statuere

141 1210 278 1290 possum.
320 1206 443 1271 Novam
455 1209 538 1269 enim
554 1228 653 1292 nuper
662 1205 784 1270 Bastius
805 1212 945 1274 excitavit
966 1211 1195 1290 difficultatem,

138 1304 248 1368 codice
270 1306 383 1370 Suidae
408 1308 544 1372 Parisino
574 1321 763 1393 comparato,
798 1311 831 1370 in
861 1330 922 1392 quo
951 1311 1008 1370 alia
1030 1311 1195 1389 legtmtur,

140 1423 236 1492 'quam
260 1431 337 1494 quae
352 1409 487 1474 Aidinus
505 1413 582 1473 liber
606 1421 762 1473 monstrat.
813 1409 876 1472 Sed
899 1408 971 1471 audi
991 1411 1107 1493 ipsum,
1146 1409 1196 1471 ad

141 1507 235 1590 Greg.
258 1511 392 1574 Corinth.
422 1535 453 1597 p.
475 1513 548 1577 242.
600 1511 769 1588 „Ceterum
795 1511 834 1572 de
860 1523 965 1573 nostro
989 1508 1197 1588 Diogeniano

141 1612 254 1680 suidas
274 1616 349 1691 agit,
377 1616 430 1675 ubi
449 1616 482 1674 in
503 1612 636 1674 editione
656 1611 852 1690 Kusteriana‚
874 1612 1000 1696 perinde
1017 1613 1098 1672 utin
1116 1612 1198 1675 Me*

145 1711 329 1791 diolancnsi,
357 1726 482 1798 propter
500 1709 750 1797 ὁμοιοτέλευτον
769 1713 884 1790 integer
906 1713 1045 1773 articulus
1063 1714 1197 1793 excidit,

145 1834 238 1900 quern
252 1814 321 1875 data
332 1816 390 1876 hac
407 1816 567 1878 occasione
587 1837 626 1877 ex
644 1814 712 1877 cod.
726 1813 818 1876 Paris.
832 1811 926 1876 2625.
939 1813 982 1874 sic
1004 1816 1163 1899 supplebo

309 1913 500 1998 ,,“Διογενὲς·
523 1912 763 2000 εὐγενέστατον.

308 2012 557 2099 Διογενειααός·
594 2013 788 2099 Ἡρακλείας
821 2010 970 2080 Πόντου·
1006 2034 1198 2096 reappare-

228 2113 303 2196 κὸς,
324 2114 469 2201 γεγονώς
490 2116 543 2185 ἐπὶ
562 2113 736 2200 Ἀδριανοῦ
757 2112 924 2202 βασιλέως.

308 2216 563 2305 Διογενειανόςπ
588 2217 781 2303 Ἡρακλείας
802 2215 929 2300 ἑτέρας,
952 2211 996 2281 ου’
1015 2218 1074 2299 τῆς
1096 2213 1198 2282 Πόν-

148 2325 152 2329 ’
230 2341 304 2384 του·
333 2318 574 2405 γραμματικός·
605 2319 750 2405 γεγονώς
777 2317 835 2384 καὶ
856 2313 957 2392 αὐτὸς
984 2313 1045 2383 ἐπὶ
1061 2312 1198 2400 'Adaiou

228 2424 293 2484 νοῦ
321 2417 489 2504 βασιλέως.
516 2419 706 2487 ἐπιστατέον
727 2419 762 2487 δὲ
783 2415 907 2505 μήποτε
929 2431 985 2482 etc.
1003 2457 1042 2466 —
1057 2410 1101 2502 ἦν
1122 2419 1197 2506 γὰρ

229 2511 329 2598 οὗτος
349 2528 508 2599 παντοῖος
528 2519 651 2607 λόγος’(
674 2536 741 2587 cett.

146 2621 225 2684 Tota
237 2644 338 2687 rerum
352 2628 460 2706 facies,
479 2628 528 2689 his
548 2627 690 2712 repertis,
713 2636 863 2705 mutatum
886 2645 978 2710 quare
999 2627 1113 2687 veliem
1125 2624 1197 2687 Ba-

145 2725 219 2788 stius
231 2730 386 2811 sequentia
404 2751 468 2790 non
484 2732 748 2815 praetermisisset,
769 2728 826 2791 sed
845 2717 1055 2813 proposuisset
1073 2729 1198 2806 omnia,

145 2847 223 2909 quae
236 2827 274 2918 de
288 2829 480 2909 Diogeniano
499 2832 533 2892 in
557 2834 610 2893 iilo
634 2831 754 2908 codice,
777 2831 829 2914 qui
847 2829 931 2891 haud
946 2828 1038 2906 dubie
1053 2828 1200 2910 optimae

143 2941 236 2990 notae
249 2943 302 3008 est,
318 2945 497 2995 enarrantur.
540 2935 618 2995 Mira
629 2936 766 3017 profecto
777 2943 823 2992 est
837 2931 993 2992 diversitas
1005 2927 1177 3007 scripturae
1188 2956 1199 3008 ;

144 3037 176 3087 et
189 3049 361 3111 quanquam
383 3027 610 3114 Bastio,'quod
636 3031 733 3092 codex
750 3031 903 3091 Parisinus
925 3029 1033 3102 habet,
1063 3026 1200 3089 verissi.

143 3137 231 3189 mum
245 3150 311 3191 esse
325 3130 458 3208 videtur,
479 3133 557 3192 mihi
575 3143 678 3192 tamen
690 3129 893 3191 dubitationes
916 3139 1001 3189 natas
1022 3147 1089 3188 esse
1112 3148 1199 3190 con-

142 3230 239 3292 fiteor.
287 3231 368 3294 Nam
388 3233 415 3301 si
435 3231 557 3296 Bastius
576 3234 647 3296 voci
671 3225 772 3305 αὐτός
800 3233 917 3308 nititur,
940 3250 1017 3315 quae
1037 3225 1111 3311 quid
1130 3230 1199 3293 sibi

143 3334 232 3410 velit,
256 3355 295 3395 cx
317 3336 382 3398 eius
400 3336 563 3414 sententia,
585 3356 677 3397 nemo
699 3336 788 3396 facile
807 3332 985 3417 perspiciat:
1006 3329 1040 3390 id
1062 3329 1199 3412 quidem

142 3453 274 3494 menon
291 3437 382 3498 valde
405 3450 526 3517 movet3
548 3449 654 3523 utpote
681 3436 733 3520 qui
753 3435 864 3509 sciam,
887 3452 957 3492 eam
974 3451 1085 3495 vocem
1105 3433 1199 3515 apud

143 3532 271 3596 Suidam
283 3558 425 3599 nonraro
447 3538 551 3617 adiici,
572 3541 626 3602 ubi
644 3539 717 3623 quid
738 3538 796 3599 sibi
816 3536 904 3611 velit,
926 3556 990 3595 non
1008 3544 1054 3594 est
1068 3536 1198 3615 perspi-

144 3658 250 3715 cuum,
277 3640 421 3702 nimirum
438 3641 509 3723 quia
531 3643 591 3703 alio
610 3641 717 3702 ordine
739 3660 787 3700 res
808 3657 876 3698 sese
895 3632 1063 3719 excipiunt,
1095 3653 1197 3714 quam

143 3759 203 3824 quo
216 3740 346 3822 primurn
364 3744 490 3826 scriptae
508 3754 600 3804 erant
643 3740 706 3802 Sed
726 3739 824 3800 maius
846 3750 907 3816 cst,
929 3736 1012 3820 quod
1033 3736 1060 3797 si
1076 3733 1198 3797 Parisi-

141 3861 216 3900 num
235 3840 372 3902 codicem
397 3846 564 3925 sequimur,
598 3840 709 3904 Suidae
734 3839 812 3902 dicta
835 3860 899 3901 non
920 3839 992 3901 satis
1010 3848 1081 3922 apta
1103 3851 1193 3905 sunt.

141 3936 262 4017 Quodsi
285 3947 368 4008 enirn
388 3946 601 4024 grammaticus
621 3941 726 4026 ῥητοῖς
746 3944 825 4004 hanc
838 3943 897 4006 sibi
907 3953 986 4004 stare
1002 3939 1196 4004 sententiam
