2534 4644
140 248 287 345 ιη’

139 467 358 531 mus,quoru1n
368 444 420 507 ille
432 443 567 531 poeticas
576 448 677 508 solum
688 445 844 527 dictiones,
856 447 906 507 liic
919 465 1028 508 omnes
1042 440 1184 507 omnium

140 549 320 633 scriptorum
336 560 493 628 congestas
507 569 524 608 a
540 547 733 628 Diogeniano
751 548 937 626 nominavit3
960 545 1184 609 concessimus-

140 670 199 733 que
212 648 415 726 Ruhnkenio,
438 649 493 710 etsi
514 651 707 729 verissimum
726 653 780 728 sit,
802 648 895 734 quod
900 648 1026 710 Photius
1044 668 1183 734 pronun-

139 751 238 827 tiavit,
263 762 367 812 tamen
385 750 575 831 Hesychium
591 750 958 839 nmjieprehendendmn
978 771 1060 828 esse,
1087 773 1184 835 quum

142 853 245 913 omnia
259 853 437 935 scriptotnun
455 873 563 932 genera
578 852 767 955 οοΜίαοίο
782 854 892 915 abiisse
904 851 1075 914 videamus.
1160 846 1179 865 '⁷

227 950 347 1029 Quodsi
360 965 463 1014 autern
476 944 807 1039 Hesychmuffiunat
828 953 963 1038 Apionis
976 965 1007 1014 et
1021 951 1185 1037 Apollonii

139 1055 236 1116 lexico
256 1054 434 1132 Homerica,
462 1058 574 1135 tragica
594 1069 624 1118 et
638 1054 755 1119 'comica
771 1055 908 1116 Theonis
927 1067 958 1115 et
977 1052 1122 1134 Didymi,
1143 1059 1183 1117 ab

141 1152 334 1233 Diogeniano
349 1179 415 1219 esse
425 1171 561 1243 recepta:
583 1158 784 1221 Ruhnkenius
796 1178 859 1220 non
874 1156 946 1216 satis
963 1157 1075 1218 habere
1087 1156 1184 1219 debe-

140 1258 207 1334 bat,
229 1257 310 1341 quod
330 1258 536 1323 demonstrare
555 1273 709 1345 potuerat,
732 1261 841 1344 scripta
861 1279 928 1319 esse
951 1278 968 1318 a
988 1257 1060 1319 viris
1078 1260 1185 1319 nomi-

139 1359 216 1420 natis
237 1361 307 1420 talia
326 1362 441 1445 lexico¹
466 1362 523 1425 sed
544 1385 686 1447 quaerere
707 1373 877 1446 praeterea,
899 1371 999 1421 utrum
1017 1360 1068 1419 illa
1085 1361 1185 1420 lexica

139 1461 172 1520 in
188 1461 383 1542 Hesychiano
399 1465 596 1548 reperirentur
612 1486 718 1525 necne.
761 1462 798 1524 Id
817 1463 907 1540 igitur
925 1461 1014 1522 nobis
1034 1454 1185 1539 indagari-

140 1559 214 1622 dum
226 1565 353 1648 reliquit.
398 1566 459 1629 Sed
473 1588 646 1650 quanquam
663 1566 701 1627 de
716 1562 909 1649 Apollodoro
924 1563 990 1623 sine
1010 1561 1104 1625 dubio
1117 1564 1185 1624 He-

140 1665 262 1745 sychius
284 1688 356 1728 vera
375 1667 463 1746 dixit,
483 1671 523 1730 ita
544 1680 641 1729 utres
661 1689 701 1728 ne
718 1667 854 1727 oratione
872 1662 996 1747 quidem
1017 1674 1121 1742 egeat3
1144 1702 1184 1712 -

139 1761 325 1848 Apollodori
338 1771 421 1829 enim
440 1771 615 1855 interpretes
637 1770 670 1829 in
685 1768 810 1847 singulis
829 1767 996 1849 quibusque
1014 1766 1136 1849 paginis
1153 1766 1184 1827 id

139 1863 398 1933 demonstrarunt:
423 1910 461 1919 —
486 1885 589 1934 tamen
608 1871 646 1932 de
659 1870 786 1956 Apione
802 1891 851 1931 res
872 1880 917 1930 est
931 1868 1065 1927 maxime
1081 1866 1184 1929 dubia.

139 1963 219 2027 Nam
233 1970 316 2051 quod
329 1971 368 2033 ad
391 1985 527 2034 nostram
544 1984 674 2034 aetatem
692 1973 829 2056 pervenit
850 1971 970 2033 lexicon
981 1966 1132 2053 Apionis,
1156 1982 1187 2032 et

140 2069 178 2130 ab
201 2067 385 2134 Ruhnkenio
407 2075 472 2135 iure
493 2077 679 2153 neglectim,
702 2076 739 2135 ab
755 2072 872 2134 Sturzio
887 2092 984 2154 nuper
997 2068 1114 2132 editum
1129 2084 1185 2151 est,

139 2189 238 2253 neque
252 2177 447 2250 grammatico
466 2176 519 2237 illo
539 2176 680 2255 dignum,
702 2197 800 2258 neque
816 2175 847 2234 in
861 2172 1092 2251 Hesychianum
1105 2174 1186 2234 lexi-

141 2290 197 2330 con
214 2285 371 2358 receptum
393 2289 447 2340 est.
492 2274 595 2354 Quare
618 2280 651 2339 in
669 2279 718 2338 his
734 2276 925 2356 Hesychium
944 2293 1077 2334 errorem
1097 2294 1186 2334 com-

138 2372 274 2452 misisse,
306 2377 383 2439 milri
407 2381 542 2440 maxime
565 2381 722 2464 probabile
742 2377 870 2442 videtur.
914 2373 1011 2449 Nam,
1033 2383 1066 2432 ut
1087 2374 1184 2456 ipsius

139 2470 314 2536 Ruhnkenii
328 2490 394 2539 utar
405 2482 522 2558 verbiS,
544 2482 633 2542 silent
651 2480 689 2541 de
702 2482 761 2540 hoc
772 2481 871 2540 lexico
887 2488 1021 2549 vetereS,
1042 2473 1184 2555 quanvis

140 2576 251 2638 centies
265 2575 398 2663 Apionis
412 2582 444 2641 in
462 2584 634 2644 Homerum
650 2581 883 2642 commentarios
900 2575 1037 2638 laudent.
1081 2571 1184 2636 Credo

138 2675 228 2754 igitur
248 2678 454 2760 Hesychium,
489 2706 584 2767 quum
609 2683 769 2768 Apionem
794 2704 858 2742 non
878 2701 945 2740 raro
965 2679 1043 2737 inter
1061 2676 1186 2738 Home-
1225 2751 1229 2758 Ι

137 2779 216 2841 ricos
233 2802 376 2867 apparere
394 2797 424 2846 et
441 2783 539 2861 λέξεις
560 2788 726 2871 explicasse
742 2783 882 2858 vidisset,
906 2779 979 2840 inde
1002 2771 1036 2838 in
1049 2799 1185 2840 errorem

138 2878 277 2959 ductum,
302 2883 340 2945 de
354 2886 451 2947 lexico
467 2883 549 2950 nurci
572 2893 731 2971 στοιχεῖον
753 2883 874 2946 condito
888 2883 1068 2944 somniasse.

222 2981 321 3046 Aliter
349 2989 542 3051 sentiendum
569 3004 616 3053 est
639 2991 678 3052 de
700 2988 837 3051 Theonis
866 2997 896 3046 et
915 2982 1044 3063 Didymi
1069 2986 1183 3048 lexicis.
1254 2996 1257 3037 ἰ

135 3081 172 3145 Id
193 3086 336 3163 elucebit,
368 3094 609 3175 comparantibus
630 3093 708 3151 inter
727 3112 760 3151 se
778 3089 883 3165 nobis,
907 3105 984 3169 quae
1006 3107 1024 3146 e
1044 3084 1182 3167 Didymo

137 3195 168 3245 et
185 3189 223 3246 ab
245 3187 402 3268 Hesychia
423 3197 622 3276 prol'ertmtur.
674 3194 871 3276 Harpocr„
872 3184 1167 3268 Ξηραλοιφεῑνέ
1116 3184 1181 3253 ἐλέ-

136 3305 211 3366 γετο
232 3287 332 3369 χωρὶς
352 3294 503 3369 λουτρῶν
526 3289 779 3374 ‹incluserat-J
755 3315 799 3367 ως
821 3290 972 3368 Δίδυμος
993 3282 1030 3350 ἐν
1051 3289 1183 3375 εἰκοστῇ

138 3382 240 3473 ὀγδόῃ
267 3393 429 3476 Τραγικῆς
453 3393 585 3471 λέξεωςιι
620 3397 754 3476 Hesych.
785 3388 996 3474 „Equicubtu
1026 3389 1064 3455 τὸ
1084 3391 1184 3474 χωρὶς

137 3488 289 3570 deorumn
311 3486 506 3576 ἀλείφεσθαι
528 3493 549 3578 ἢ
579 3497 859 3579 ξηροτριβεῐοθαο·
890 3490 1126 3571 ξρραλουτρεῖν
1146 3492 1185 3559 τὸ

138 3583 239 3664 αὐτό,
269 3596 320 3654 nbi
341 3595 447 3682 Steph.
475 3612 505 3660 et
523 3601 668 3661 Heinsius
694 3610 773 3658 recte
802 3598 1014 3676 ξηραλοιφεῖν
1043 3599 1185 3666 coniece-

135 3703 212 3754 runt.
265 3693 362 3758 Belclc.
383 3697 525 3761 Anecdd.
552 3723 582 3784 p.
613 3704 691 3777 349,
721 3704 750 3761 6.
781 3692 952 3778 „naemu
988 3699 1053 3762 ἔστι
1076 3698 1184 3786 μὲν-ἡ

135 3788 245 3871 ὄρνις·
279 3794 313 3859 ἐκ
333 3804 521 3879 μεταφορᾶς
543 3801 578 3866 di
602 3802 634 3865 oi
659 3799 818 3881 Τραγικοὶ
847 3798 907 3882 τὴν
933 3802 1093 3886 pictonicis
1114 3804 1186 3864 vav

135 3893 239 3974 donin·
271 3892 338 3960 ἔστι
367 3893 401 3962 d’
431 3898 519 3968 ὅπου
549 3904 604 3968 καὶ
632 3899 692 3967 τόν
715 3898 833 3966 αὐλόν·
863 3899 989 3984 ἡλέξις
1010 3899 1186 3984 Διδύμου“

134 3994 270 4078 Hesych.
300 3993 458 4084 „nidove
480 4005 645 4089 γλωσσίδα
671 4010 915 4088 μεταφορικῶς·
951 4001 1060 4086 ldrimu
1094 4005 1186 4069 Οἰδί-
