2534 4644
161 296 225 356 m
581 260 598 293 ⁴
707 264 711 273 ’

160 460 280 540 chium,
309 461 334 522 si
360 458 432 544 quid
452 457 554 520 iudico
581 462 627 522 sui
649 458 769 521 codices
791 461 823 520 in
848 481 979 520 errorem
1000 456 1199 536 induxertrn13

159 567 250 642 longe
281 562 363 624 enim
384 561 538 623 Athenaei
569 562 730 622 lectionem
756 562 940 645 antepono.“
983 559 1071 622 Bene
1096 572 1200 622 contra

160 666 374 730 Casaubonum
388 664 697 742 Schweighaeusems
711 676 864 747 comparat
877 663 1105 744 Hesychianurn
1126 680 1198 742 „pe-

159 764 322 849 σόψηρον·
344 761 523 848 intention
545 777 574 826 et
586 765 773 825 dialecticam
795 786 862 825 esse
876 763 1080 826 diversitatem
1097 765 1198 824 sumit.

158 869 310 955 Equidem
326 868 472 948 Hesychii
489 867 650 928 lectionem
662 870 815 951 praesero3
838 889 920 943 eam,
943 886 1020 950 quae
1034 885 1081 947 ap.
1096 861 1198 924 Athe-

158 992 269 1032 naeum
286 980 397 1047 exstat,
420 968 634 1031 emendatione
652 990 719 1031 esse
741 980 838 1029 ortam
857 966 963 1044 credo,
987 963 1078 1049 ¹qutun
1092 967 1198 1025 insoli-

158 1085 187 1134 ta
211 1075 311 1133 sonna
329 1074 482 1157 postulare
500 1064 668 1134 videbatur.
711 1068 747 1129 ln
765 1071 875 1132 talibus
894 1072 983 1131 rebus
1004 1089 1055 1128 me
1078 1067 1216 1151 s'emper.

157 1174 240 1236 libris
252 1172 291 1234 nd
302 1172 468 1235 litterarum
479 1172 618 1234 ordinem
633 1172 749 1255 scriptis
769 1173 883 1233 maiora
901 1173 1029 1233 tribuere
1043 1168 1197 1246 confiteor,

158 1275 191 1336 in
207 1276 329 1360 quibus,
343 1275 401 1336 nisi
414 1276 477 1335 iam
492 1278 530 1337 ab
546 1285 667 1334 auctore
689 1272 840 1336 admissus
863 1286 941 1351 erat,
964 1293 1046 1334 error
1055 1293 1121 1331 non
1135 1282 1198 1332 tam

139 1402 142 1408 ’
158 1377 246 1439 facile
262 1378 393 1439 nascitur
406 1388 436 1437 et
452 1376 576 1437 celerius
597 1375 759 1454 corrigitur.
765 1375 961 1485 ¹„ps-QAthen.
975 1376 1016 1436 ib.
1030 1396 1056 1434 e.
1079 1373 1196 1454 „dour-

157 1477 256 1560 τίμην
277 1499 311 1542 τε
332 1480 505 1542 καλεῖσθαι
523 1471 583 1539 τδν
605 1440 918 1640 πιτυρίτῷον,
947 1472 986 1540 δν
1012 1469 1196 1557 εᾶκονονῆ

156 1573 316 1643 τεύκονον
337 1573 558 1660 ὀνομάζουσιν
585 1572 732 1658 Ἀμερίας
752 1564 773 1641 κ
810 1568 1037 1659 ’Τιμοχίδιις“,
1059 1576 1197 1662 adquae

157 1679 333 1760 Schweigh.
347 1679 528 1771 Animmql,
549 1701 580 1763 p.
603 1685 673 1742 301.
701 1700 795 1756 „mox
815 1679 926 1740 deinde
944 1678 996 1740 ubi
1015 1672 1155 1744 εᾶκονον
1175 1674 1197 1763 ἢ

157 1775 316 1844 νεάκονον
337 1779 448 1857 editur,
469 1782 644 1864 particulam
665 1774 686 1861 ἢ
705 1781 824 1859 ignorat
843 1792 946 1842 noster
959 1802 1016 1842 ms.
1030 1779 1074 1842 A.
1096 1795 1197 1844 caete-

156 1892 224 1944 rum
238 1883 281 1942 nil
294 1892 399 1942 mutat.
442 1881 599 1965 Nusquam
612 1884 683 1944 alibi
702 1881 784 1966 quod
801 1883 894 1943 sciam
911 1884 1059 1944 vocabula
1071 1884 1129 1955 ista
1143 1906 1203 1967 oc·-

158 1993 285 2051 currunt.
335 1982 369 2043 Si
388 1984 455 2067 quis
480 1985 668 2044 coniecturae
692 1995 772 2045 esset
792 1985 894 2060 locus,
922 1983 1091 2045 hariolabar
1109 1987 1195 2071 equi-

158 2084 245 2162 dem,
267 2104 323 2169 pro
338 2079 480 2149 εᾶκονον
503 2089 630 2147 tortasse
646 2082 783 2167 δ’γκονον
803 2086 946 2169 scriptum
958 2087 1141 2169 oportuisse,
1162 2089 1196 2150 id
1214 2085 1218 2091 ’

106 2237 110 2244 .
157 2198 202 2248 est
220 2177 454 2265 ἐσπευσμὲνον,
481 2185 742 2270 deproperaturn.“
784 2186 881 2248 Vides
905 2187 1006 2266 igitur,
1027 2209 1119 2272 quam
1139 2189 1196 2252 de-

156 2298 273 2372 sperata
289 2289 366 2349 haec
384 2287 452 2349 sint.
496 2287 668 2349 Memoratu
687 2300 789 2349 autern
810 2286 1021 2366 dignissimum
1042 2302 1099 2368 est,
1128 2289 1197 2355 fere

155 2398 252 2450 totam
264 2389 344 2449 hanc
357 2389 425 2450 libri
439 2400 572 2473 partem,
594 2391 626 2451 in
642 2411 733 2472 quam
749 2387 823 2466 114,
845 2392 875 2452 b.
896 2391 938 2450 ita
953 2391 1077 2475 scriptor
1088 2392 1194 2471 ingre-

113 2478 137 2547 δ
156 2487 236 2550 ditur
261 2485 337 2566 „ud
362 2488 397 2552 ολ
420 2488 674 2574 γλωσσογράφοι
702 2487 738 2554 δὲ
759 2484 870 2569 ἄρτων
889 2483 1041 2572 ὀνόματά
1055 2491 1195 2557 καταλέ-

155 2590 272 2671 γονσι“
294 2593 390 2652 esolo
402 2590 554 2677 Pamphili
574 2594 650 2655 libro
666 2594 806 2654 haustam
819 2589 930 2669 videri,
950 2592 1006 2654 sed
1025 2595 1100 2656 mire
1124 2618 1195 2659 cor-

155 2703 274 2776 ruptam
289 2691 320 2752 in
335 2695 444 2756 nostris
464 2696 611 2780 exemplis
632 2693 777 2757 exhiberi.
819 2691 927 2778 Incipit
946 2697 1029 2758 enirn
1048 2698 1090 2759 ita
1111 2695 1194 2776 „Et-

155 2795 272 2868 λενκος
292 2790 352 2875 μὲν
381 2785 504 2875 δράμιν
529 2790 597 2858 ὑπὸ
620 2790 825 2858 Μακεδόνων
851 2791 958 2870 οὕτως
984 2795 1194 2882 καλούμενον

156 2888 190 2959 δ’
217 2888 321 2973 ἄρτον
346 2888 413 2959 διεδ
437 2897 639 2975 ocreatum,
672 2897 833 2980 inquibus
856 2891 978 2978 δράμιν
998 2923 1062 2962 non
1082 2904 1194 2983 tetige-

154 3007 237 3073 nurt,
258 2995 350 3080 prod
357 2991 366 3015 ’
387 2991 488 3076 ἄρτον
509 3009 610 3059 autem
629 2991 775 3076 δάρατον
793 3019 811 3059 e
833 2999 1000 3061 coniectura
1018 3001 1193 3068 Casouboni

152 3108 335 3181 receperunt.
364 3097 538 3178 Schweigh.
553 3099 577 3161 Ι.
599 3122 630 3185 p.
645 3103 707 3163 267
721 3110 751 3161 et
770 3104 842 3163 297.
884 3099 1090 3165 inmeliorem
1105 3108 1192 3169 vium

154 3217 208 3259 eos
221 3196 364 3259 reducere
379 3211 497 3284 poterat
514 3201 686 3281 Hesychius
716 3197 858 3281 ,,δοιρόν·
887 3197 1017 3283 μακράν
1045 3200 1190 3286 χρόνον·

153 3294 207 3361 καὶ
230 3293 365 3364 δκιπολδ
394 3297 451 3364 καὶ
481 3295 600 3384 ἑορτήν
630 3298 685 3364 καὶ
714 3296 816 3383 ἄρτον
838 3299 922 3378 τινὲς
940 3296 1001 3365 τδν
1022 3300 1212 3393 ἄζυμονιζ,

150 3398 232 3463 unde
252 3395 395 3483 ,,δοιρδν“
414 3422 541 3486 repono.
569 3402 628 3465 Pro
642 3400 761 3484 δράμιν
778 3405 1192 3486 aute1u,coniici0,scriben-

152 3496 227 3591 Q
248 3515 307 3580 est,
334 3496 507 3582 „doutdu“,
527 3504 611 3588 quod
632 3504 717 3566 idem
738 3517 783 3568 est
801 3508 999 3587 vocabulum3
1029 3530 1102 3571 nam
1120 3512 1191 3574 He-

73 3678 79 3689 ·
150 3590 235 3682 sych.
256 3598 287 3681 I,
308 3625 338 3689 p.
363 3609 453 3668 1029.
474 3603 629 3685 ,,δραιόν·
653 3600 827 3688 μακράν·
850 3602 992 3671 πυλεόν·
1016 3630 1107 3693 quam
1126 3632 1190 3675 vo-

64 3694 99 3773 “,
118 3780 121 3785 Ι
150 3721 218 3762 cem
234 3702 273 3764 ad
287 3699 393 3786 δαρδν
413 3706 561 3791 pertinere
573 3694 717 3771 Alternis
736 3719 766 3769 et
777 3708 1023 3774 Hemsterhusius
1033 3709 1188 3778 viderunt.

130 3800 278 3915 diffido
299 3817 470 3892 corruptum
484 3830 560 3887 esse,
581 3820 672 3895 patet.
716 3808 856 3894 Sequitur
876 3809 1006 3894 ,,ἐνλταν
1026 3810 1063 3877 δέ
1080 3830 1188 3895 φησιν

81 3952 100 3993 .·.·
112 3890 248 4019 pidum
278 3899 364 3972 εἶναι
391 3908 575 3994 λεκιθίτην·
610 3905 755 3990 ἐρικίταν
787 3910 824 3978 δὲ
852 3918 1026 3979 καλεῖσθαι
1058 3910 1119 3976 τὸν
1149 3912 1188 3995 ἐξ

99 3992 363 4089 “““δνηρννμένον’
378 4006 439 4095 κοιλ
455 4005 602 4095 dedendo
621 4014 734 4094 τοροῦ
753 4010 949 4099 γιγνόμενον
964 4013 1021 4081 κοιλ
1038 4013 1187 4098 χονδρολ
