2534 4644
1088 228 1224 330 ll*

99 437 182 498 esse,
205 436 244 480 ex
256 412 421 479 litterarum
444 408 552 476 ordine
568 407 688 476 'violato
703 408 897 488 collegerunt.
940 403 1138 486 Ab'bocigi-

98 532 145 583 tur
164 530 303 606 tempore
320 514 428 613 qdnio
448 514 590 592 invaluit,
612 510 768 594 Hesycbii-
779 509 901 573 lexicon
921 520 952 572 et
968 509 1139 573 mutilatum

99 634 130 686 et
143 625 359 710 interpolatum
373 616 414 680 ad
425 629 561 683 nostram
572 625 650 678 aetat
662 682 685 713 ⁴.
714 640 717 645 ’
757 610 922 711 ,condisse
957 609 1087 692 Quare
1076 633 1140 677 ram

99 726 301 795 Ruhnkenius
319 725 399 785 hanc
418 732 575 804 utramque
597 717 647 805 op'
671 710 698 735 '³'
712 710 727 801 '7
744 716 747 723 ‘
767 706 779 719 ‘
798 713 1141 831 ιοιιιΡιοιιειιᾶιιιιιΡζιιι

100 828 242 891 audacter
262 837 406 909 tanquam
433 812 674 885 consentientem
697 818 838 880 omnium
862 798 1141 905 ιειιιοιιιίιιιιιῖ·’ψμι·

99 949 216 1015 ponere
229 936 385 1014 poterat,
387 922 568 1004 ,“Gonstans
589 921 686 1007 mqmt
697 921 796 1006 praef
808 917 848 980 ad
858 919 933 982 Hes
925 941 980 1006 ..p
972 919 1051 998 .,IV
1072 920 1141 998 „vi-

101 1053 204 1101 rorum
225 1029 384 1091 doctorum
406 1027 465 1088 suit
485 1025 605 1112 opinio,
638 1022 748 1110 partim
773 1040 813 1089 ex
831 1022 979 1104 Hesychii
1004 1021 1141 1109 Epistola
1208 1039 1210 1042 ·

101 1131 142 1193 ad
160 1130 339 1211 Eulogium,
370 1131 480 1216 partim
503 1149 543 1189 ex
566 1127 630 1189 aliis
651 1125 834 1206 argumentis
862 1123 967 1203 ducta,
985 1146 1053 1193 ,non
1074 1146 1141 1190 esse

101 1233 249 1315 Hesychii
269 1232 406 1311 lexicon,
428 1228 512 1317 quod
534 1250 616 1290 nunc
634 1239 785 1314 superest,
811 1229 886 1305 tale,
908 1229 997 1312 quale
1013 1228 1088 1290 olim
1102 1232 1141 1292 ab
1164 1287 1167 1292 ,

101 1337 168 1398 eius
180 1355 275 1398 manu
288 1339 460 1420 profectum
486 1335 540 1410 sit,
561 1329 618 1393 sed
630 1332 668 1392 ab
684 1329 942 1415 Epitomatoribus
957 1342 1142 1395 contractum

101 1459 170 1501 esse
184 1449 214 1499 et
226 1438 414 1514 mutilatum,
438 1456 456 1496 a
475 1433 602 1496 librariis
623 1431 802 1494 foedissime
820 1445 1007 1519 corruptum,
1030 1436 1143 1498 ascio-

102 1538 286 1623 lisdenique
307 1538 416 1600 nullius
430 1537 517 1623 pretii
531 1535 638 1615 glossis
658 1535 903 1621 interpolatum.“
943 1534 994 1599 Ac
1006 1536 1070 1601 duo
1082 1538 1143 1600 im-

92 1641 209 1727 primis
223 1640 377 1719 exstitere,
399 1639 451 1724 qui
464 1649 621 1723 utramque
642 1637 821 1722 opinionem
833 1648 863 1700 et
877 1638 1040 1703 extendere
1054 1641 1143 1705 latius

103 1754 135 1805 et
156 1741 340 1822 argumentis
349 1741 539 1819 ‚certioribus
568 1742 688 1802 firmare
711 1751 921 1824 susceperunt3
952 1741 1054 1827 ipsum
1073 1742 1143 1805 dico

103 1844 321 1910 Ruhnkenium
344 1852 376 1906 et
388 1842 454 1906 Nic.
470 1841 661 1916 Schouirnn.
703 1840 734 1904 Is
753 1842 851 1920 enim,
874 1864 966 1927 quem
978 1845 1144 1930 posteriore

103 1944 364 2025 loconominavi,
384 1943 424 2006 de
445 1965 480 2006 se
495 1944 568 2029 ipso
584 1941 750 2031 praedicat,
783 1955 946 2030 postquam
969 1945 1144 2012 Bentleium

104 2069 217 2128 magna
254 2045 346 2109 laude
388 2046 555 2110 cumulavit
591 2045 765 2125 „Ulterius
783 2045 926 2132 equidem
965 2051 1144 2134 procedens,

106 2160 219 2228 statuo,
251 2147 334 2233 quod
354 2169 419 2209 non
437 2150 521 2210 solae
544 2149 662 2226 glossae
676 2149 821 2227 biblicae,
853 2170 963 2214 rerum
980 2164 1011 2215 et
1032 2155 1145 2234 omnia,

106 2270 185 2336 quae
200 2248 241 2312 ad
253 2249 410 2336 pristinam
428 2249 540 2312 seriem
555 2247 649 2312 hodie
671 2250 808 2315 revocari
820 2263 988 2337 nequeunt,
1011 2275 1051 2317 ex
1064 2256 1146 2318 mar-

106 2353 267 2435 ginesintf
269 2352 400 2440 ΡΠ.
416 2355 511 2439 praef.
537 2351 578 2413 ad
596 2352 733 2435 Hesych.
774 2351 896 2417 Deinde
918 2356 1057 2443 pergitp.
1074 2357 1146 2422 VII.

106 2438 241 2536 „Prfflss
237 2454 417 2518 'tenendum
439 2466 485 2518 est
492 2455 820 2537 ‚Hesychiumin-
843 2460 1005 2546 archetypo
1023 2461 1147 2546 antiquo

105 2540 255 2622 hodierno
294 2560 388 2637 longo
425 2557 599 2621 breviorem
634 2559 750 2636 fuisse,
793 2572 911 2624 serrata
949 2564 1062 2648 ubique
1096 2587 1147 2628 se-

106 2662 152 2725 rie
179 2659 397 2763 ιιΙΡΙιιιΡειίιιι“
450 2681 481 2743 Ρ.
507 2659 595 2722 VIII.
626 2659 829 2739 „Videbimus
854 2684 945 2741 mox,
978 2666 1147 2729 constitisse

107 2764 187 2823 baec
217 2740 394 2847 (dehetypi
417 2756 643 2839 additamenta)
670 2761 781 2846 partim
814 2762 847 2823 in
875 2763 998 2842 integris
1018 2766 1148 2829 articrrlis

109 2857 231 2922 aliunde
249 2857 417 2943 exscriptis,
449 2858 482 2919 in
505 2860 653 2944 exemplis
676 2864 792 2940 glossas
812 2863 961 2944 Hesychii
976 2865 1148 2929 illustranti-

109 2961 214 3039 bus,
203 2983 237 3022 m
251 2960 409 3024 vocabulis
429 2960 674 3046 inte1pretatione
693 2961 856 3043 destitutis,
890 2987 968 3050 quae
983 2988 1002 3029 a
1018 2968 1149 3032 Lexico-

109 3063 222 3148 grapho
240 3061 364 3134 omIssa¹
376 3060 555 3141 credebant,
577 3083 714 3149 quaeque
730 3067 851 3151 proprio
866 3067 1000 3152 quodam
1021 3071 1149 3135 nomine

108 3165 333 3252 paralipomena
350 3164 417 3250 sire
430 3164 640 3250 praetermissa
658 3166 805 3248 Hesychii
825 3168 858 3229 in
873 3170 954 3235 notis
965 3171 1148 3259 nuncupavi,

108 3288 199 3351 porro
223 3267 256 3328 in
275 3269 471 3330 lemmatibus
490 3280 521 3330 et
542 3280 698 3332 annorum
715 3270 908 3352 nominibus3
929 3275 1040 3361 partim
1056 3276 1149 3338 etiam

82 3433 85 3439 ,
110 3383 144 3444 in
160 3367 412 3454 compendiorum
433 3370 699 3455 explicatiombus,
722 3373 985 3442 emendationibus
1014 3386 1045 3438 et
1058 3378 1150 3441 variis

110 3467 308 3534 lectionibus“
330 3481 398 3532 cett.
452 3469 594 3557 Denique
623 3471 708 3536 addit
727 3497 758 3559 p.
779 3472 840 3538 IX.
870 3475 961 3556 „Non
977 3481 1079 3542 solum
1102 3501 1149 3561 ea,
1263 3538 1265 3543 .

111 3591 190 3654 quae
201 3569 295 3633 hodie
309 3571 450 3635 ordinem
463 3575 688 3659 alphabeticum
706 3577 739 3638 in
752 3577 909 3659 Hesychio
920 3580 1149 3667 interrumpunt,
1204 3634 1207 3646 ,

112 3693 152 3734 ex
171 3672 307 3752 margine
324 3675 469 3755 adfirmo,
492 3698 600 3742 verum
616 3691 646 3743 et
665 3682 761 3741 multa
781 3701 821 3742 ex
840 3681 894 3758 iis,
925 3683 1053 3767 quaein
1071 3685 1150 3748 serie

111 3773 229 3837 sunt.“.
254 3772 303 3836 Ex
317 3776 365 3839 bis
385 3780 528 3855 omnibus
540 3803 661 3849 summa
673 3781 730 3846 viri
747 3778 873 3844 audacia
886 3785 996 3865 elucet,
1019 3808 1078 3871 qua
1093 3791 1150 3850 ab·

111 3888 212 3963 reptus
230 3898 295 3942 non
313 3888 348 3939 ut
359 3880 473 3964 priores
490 3882 581 3946 critici
595 3893 767 3947 cunctanter
778 3895 809 3947 et
822 3882 992 3951 dubitanter
1003 3888 1150 3975 procedit,

111 3978 168 4042 sed
184 4001 330 4063 magnam
339 3981 427 4043 lexici
437 3995 554 4070 partem
564 3985 697 4073 spuriam
716 4008 799 4079 esse,
822 3999 853 4053 et
868 4010 886 4052 a
900 3989 1001 4054 sciolis
1014 3985 1149 4055 additam

553 4336 556 4344 ·
680 4266 739 4387 :lt
