2534 4644
1034 240 1061 293 'l
1102 263 1142 327 ιι
1188 245 1192 257 ’

100 442 147 511 ta,
138 430 219 516 ·qui
233 430 381 493 inlocum
394 449 465 490 cum
479 435 651 514 conupbrm
664 424 835 505 incidisset,
856 426 984 489 minime
998 426 1143 494 mendam

100 530 321 596 anirnadvertit.
370 530 451 602 Nam
464 531 525 592 hoc
544 530 584 597 ab
598 529 768 609 Hesychio
777 550 849 592 esse
860 530 905 591 uti
920 527 1058 611 credam,
1080 531 1144 594 sin-

100 639 219 719 gularis
230 638 296 700 eius
316 633 375 696 viri
395 631 523 695 eruditio
545 651 609 692 non
635 629 790 727 permittit·
837 627 877 691 Et
894 614 1032 722 profecto
1055 653 1144 716 prae-

100 740 285 803 stantissimo
317 735 368 797 isti
394 735 522 812 Lerdco,
560 731 642 818 quod
676 732 817 816 antiquae
845 731 1022 795 eruditionis
1050 743 1143 819 penu,
1170 730 1174 735 ’

100 842 251 927 quaedam
271 836 385 926 passim
403 837 515 899 inserta
535 855 604 899 esse
618 837 656 896 ab
677 832 806 896 indoctis
820 835 892 897 satis
906 834 975 898 Vin'
989 834 1070 898 docti
1083 859 1143 904 no-

100 945 220 1007 runt.“.
254 944 320 1005 Hac
340 940 430 1019 igitur
453 939 506 1003 via
526 935 669 1017 ingressi,
697 936 844 1019 Hesychii
870 936 994 999 laudem
1022 959 1143 1003 servare

100 1047 157 1108 viri
168 1047 322 1130 hucusque
334 1040 485 1103 nominati
495 1037 682 1103 studuerunt.
725 1020 823 1101 Tanta
837 1050 901 1102 erat
913 1039 1047 1104 hominis
1061 1041 1143 1106 eim-

100 1169 158 1232 que
172 1147 240 1209 libri
253 1146 429 1226 admiratio,
451 1158 486 1208 ut
498 1146 553 1210 rix
565 1165 600 1206 ae
611 1165 652 1207 ne
665 1143 720 1208 vix
732 1139 858 1226 quidem
868 1144 963 1206 ullam
976 1145 1143 1228 repreben-

98 1249 219 1312 sionem
231 1247 432 1310 admitterent.
626 1281 630 1287 =

183 1348 251 1412 Alii
262 1354 367 1439 plane
367 1348 488 1411 diversa
498 1346 616 1408 ratione
628 1345 703 1407 inita
717 1345 751 1408 in
764 1344 895 1408 eandem
909 1344 1061 1409 devenere
1071 1369 1143 1411 sen-

98 1452 235 1547 tentiam.
284 1451 363 1513 Mox
389 1450 472 1511 enim
490 1447 737 1512 animadversum
754 1458 815 1524 cst,
836 1445 1078 1529 inHesychieno,
1097 1453 1144 1512 le-
1178 1442 1184 1451 ’

99 1553 186 1630 uico,
208 1564 242 1612 ut
262 1550 343 1636 apud
364 1549 508 1629 Suidam,
537 1549 759 1613 accuratissime
780 1549 944 1611 litterarum
964 1532 1144 1629 ordffira-

100 1653 217 1714 tionem
229 1654 364 1715 habitam
386 1674 462 1716 esse.
505 1652 551 1715 Ita
572 1651 686 1714 Thom.
709 1649 889 1714 Stanleius
879 1673 912 1712 ιιι
925 1647 1042 1715 Aesch.
1055 1650 1144 1734 Aga-

40 1805 43 1810 .
100 1775 215 1817 memo.
229 1777 260 1818 v.
274 1753 347 1818 235.
362 1776 392 1839 p.
408 1759 479 1818 790.
502 1755 693 1835 Hesychium
713 1753 893 1832 „literarum
908 1751 1022 1816 ordinis
1037 1757 1144 1819 obser-

99 1855 336 1918 ιἐιιιιιιειιιιιιιιιιι
357 1857 528 1941 appellavit.
570 1854 643 1918 Non
654 1875 723 1921 raro
735 1865 838 1919 tamen
859 1854 955 1917 iustus
975 1854 1051 1919 ordo
1066 1857 1144 1921 mire

101 1969 255 2042 corruptus
274 1967 338 2038 est;
358 1967 393 2019 ιιι
412 1979 475 2020 non
492 1957 697 2042 improbabile
710 1956 863 2021 videretur
878 1977 960 2035 esse,
982 1979 1060 2042 quae
1072 1963 1143 2023 loco

100 2061 178 2120 falso
198 2062 350 2137 legantur,
377 2080 443 2120 non
464 2080 532 2121 esse
551 2061 591 2121 ab
612 2059 769 2140 Hesychio
790 2058 858 2143 ipso
878 2060 1023 2143 profecta.
1076 2058 1143 2123 Iam

102 2178 196 2242 quum
214 2179 326 2238 magna
346 2160 379 2220 in
398 2160 595 2241 Hesychiano
620 2161 719 2221 lexico
740 2179 891 2221 sacrarum
910 2178 1039 2238 vocum,
1069 2172 1144 2246 quas

101 2259 220 2338 dicunt,
253 2261 339 2346 copia
362 2262 542 2347 reperiatur,
571 2281 735 2345 earumque
755 2281 820 2321 non
838 2281 952 2344 paucae
974 2271 1077 2323 contra
1095 2263 1144 2323 iu-

100 2372 181 2424 stum
195 2361 334 2424 ordinem
346 2363 521 2426 intersertae
533 2366 684 2442 legantur:
707 2359 1070 2441 audaderRBentleius,
1092 2385 1144 2428 eas

101 2486 210 2526 omnes
223 2465 339 2550 spurias
353 2487 421 2529 esse
427 2477 459 2528 et
470 2465 613 2529 insiticias
624 2462 778 2527 iudicavit.
800 2464 944 2544 Legimus
952 2463 1144 2528 eniminAl-

100 2564 1025 2653 bertinaHesychiieditioneepistolamamagnoviroadloh.
1034 2565 1143 2637 Christ.

100 2665 236 2731 Bielium
231 2665 359 2777 pdetam
380 2667 533 2745 (Londini
554 2665 858 2748 Ang.3o.1714.,)
881 2688 940 2751 qua
962 2668 1014 2731 ille
1040 2668 1145 2731 iudicii

101 2790 149 2830 sur
139 2748 322 2833 venantur
334 2768 494 2831 ostendere
512 2769 621 2832 studet.
665 2768 865 2851 „Principio
856 2770 984 2851 rtaque“
1004 2771 1048 2832 ait
1067 2783 1145 2849 „aut

101 2869 227 2955 pridem
233 2869 371 2930 animun
385 2866 555 2948 advertisti,
578 2881 628 2932 aut
648 2891 729 2932 nunc
744 2868 870 2930 demum
892 2870 964 2944 (me
977 2873 1143 2953 monente)

101 2992 263 3052 agnosces,
293 2967 425 3033 Gentilia
451 2974 544 3034 verba
572 2973 692 3050 omnia,
728 2983 886 3056 totumque
914 2970 994 3034 adeo
1023 2974 1144 3037 lexicon

101 3074 331 3156 Hesychianum
350 3093 472 3153 venun,
495 3073 535 3136 ad
553 3075 665 3137 seriem
684 3075 837 3137 literarum
858 3085 923 3136 tam
942 3073 976 3135 in
993 3073 1144 3156 secundis,

101 3198 193 3261 quam
232 3175 338 3262 primis
372 3176 496 3257 syllabis
523 3197 610 3239 more
643 3174 890 3239 dictionariomm
925 3174 1144 3263 hodiumorum
1250 3166 1254 3173 ⁸

100 3288 236 3340 accurate
256 3277 427 3340 institutum
447 3299 524 3340 esse.
566 3276 671 3355 Quam
689 3279 801 3342 seriem
818 3277 845 3340 si
866 3274 1006 3361 quando
1008 3272 1074 3353 Ι(ιιι
1091 3279 1144 3360 fit)

102 3378 297 3465 internuptam
309 3379 444 3458 invenis,
465 3378 500 3441 id
512 3399 582 3440 mea
600 3378 662 3441 fide
676 3379 780 3443 credes
799 3379 893 3443 velim
910 3375 983 3440 inde
995 3379 1144 3459 evenisse,

103 3479 188 3565 quod
206 3480 430 3568 orthographia
455 3478 656 3559 Auctoris,
645 3503 679 3542 m
703 3481 762 3544 illis
787 3481 943 3545 vocabulis
967 3483 1144 3567 plerumque

103 3584 227 3660 vitiosa,
249 3585 287 3644 ab
301 3582 476 3646 Editoribm
490 3585 542 3648 vel
557 3581 669 3646 Scribis
681 3583 807 3646 librariis
824 3592 930 3668 postea
945 3593 1060 3646 munta
1076 3586 1144 3657 iue-

104 3685 150 3749 rit.
193 3684 262 3747 Hoc
278 3683 341 3746 iam
352 3687 470 3770 posito,
490 3685 566 3747 illud
580 3684 662 3770 quod
675 3686 849 3771 proximum
862 3695 923 3762 est,
945 3684 1008 3746 iam
1022 3706 1144 3749 meorum

105 3789 319 3872 contemplare.
361 3785 485 3852 Glossas
503 3788 585 3866 illas,
613 3787 652 3850 de
674 3787 782 3872 quibus
799 3798 881 3849 bunc
900 3786 1033 3866 agimus,
1059 3798 1144 3850 extra

105 3892 215 3956 scriem
235 3888 311 3951 locis
330 3908 393 3950 non
411 3891 474 3953 suis
491 3893 649 3976 pleresque
672 3909 782 3952 omnes
808 3888 949 3974 reperiri,
978 3886 1142 3955 certissimo

106 3993 216 4078 opinor
234 3989 362 4069 indicio,
390 4010 454 4052 non
472 3994 510 4054 ab
534 3989 669 4070 Auctore
700 3993 850 4078 profectas
872 4013 939 4056 esse
960 4010 1028 4073 eas3
1049 3990 1144 4057 seda
