2534 4644
170 233 213 298 rc

168 399 355 492 pronuntiat,
387 420 422 464 ac
445 420 486 464 ne
514 397 664 464 tantillum
688 397 813 488 quidem
837 387 1086 481 haeretanxius,
1119 398 1217 468 etde

168 504 300 591 suscepti
310 499 517 583 magnitudine
524 503 648 582 cogitat.
691 501 738 565 Ut
743 513 851 567 autem
856 500 1019 597 Schqppius
1034 527 1142 572 eorum
1156 527 1216 592 pa-

168 619 290 672 tronum
311 626 379 669 sese
401 604 504 684 gestit,
529 604 600 717 ηηξ
591 606 817 707 interpolatum
835 609 966 671 clamant
985 609 1067 670 hunc
1088 608 1218 689 librum,

168 710 323 825 ἰίξιηιίιῐηη
345 717 429 794 perte
448 670 647 799 Ruhukws
667 707 781 795 prodit,
812 711 1029 796 glorienturque,
1050 731 1119 773 sese
1141 721 1214 785 teu-

168 796 263 895 ἃΜ
259 818 401 892 veterum
420 809 590 872 criticorum
611 811 796 875 coniecturas
818 813 999 876 firmissimis
1024 813 1213 893 argumentis

167 914 296 1001 probare
313 924 344 974 et
366 914 486 975 firmare
498 925 604 998 posse,
627 913 733 998 quibus
746 914 884 981 omnium
899 913 1141 979 adversariorum
1157 937 1213 987 co-

167 1022 256 1079 natus
278 1015 367 1078 celeri
384 1014 470 1075 ruina
494 1015 690 1076 obruerentur
711 1027 742 1080 et
762 1017 970 1081 conciderent:
999 1018 1092 1103 praef.
1105 1038 1136 1103 p.
1150 1014 1210 1081 IV.

166 1117 285 1204 Accipe
305 1118 370 1193 eius
388 1117 592 1180 narrationem
613 1117 721 1204 ipsam.
759 1167 783 1206 „
796 1117 875 1182 eum
897 1118 1018 1182 Parisiis
1037 1117 1211 1182 studiorum

165 1242 273 1284 caussa
285 1241 433 1298 versarer,
454 1217 533 1280 inter
543 1218 601 1279 alia
616 1218 727 1281 Lexica
742 1222 864 1305 antiqua
875 1219 1008 1282 necdum
1023 1218 1112 1300 edita,
1128 1244 1211 1307 quae

165 1323 358 1388 Bibliotheca
380 1321 634 1402 sangermanensi
656 1323 859 1402 continentur,
902 1321 1046 1409 descripsi
1069 1323 1210 1386 Lexicon

164 1425 377 1504 Rhetoricum,
398 1425 499 1486 bonae
522 1422 616 1502 frugis
636 1425 860 1509 plenissimum,
882 1436 971 1510 atque
991 1422 1032 1486 ad
1051 1424 1099 1489 ius
1120 1423 1209 1488 Atti-

160 1552 237 1593 -cum
250 1529 463 1614 explicandum
473 1527 622 1613 imprimis
635 1538 851 1614 comparatum.
859 1564 898 1574 —
912 1527 1134 1607 HocLexicon,
1149 1527 1208 1592 de-

165 1633 246 1694 cimo
268 1632 370 1693 seculo
391 1630 425 1691 in
445 1631 623 1691 membrana
650 1629 808 1715 scriptum,
840 1629 907 1692 sive
929 1628 1042 1692 codicis
1062 1629 1144 1692 illius
1168 1631 1207 1692 li-

163 1732 295 1810 brarius,
316 1731 383 1820 sive
395 1722 471 1792 a'lius
487 1752 525 1792 eo
539 1732 705 1816 antiquior,
726 1731 842 1817 passim
854 1730 1046 1816 interpolaret
1055 1730 1206 1814 Hesychii

164 1832 282 1914 glossis.
324 1830 371 1895 At
385 1833 480 1918 qualis
499 1834 669 1915 Hesychii?
700 1832 773 1896 Non
792 1834 934 1912 truncati,
963 1833 1106 1913 mutilati,
1135 1856 1205 1898 eor-

161 1937 255 2020 rup'ti,
278 1957 338 2021 quo
359 1958 439 1998 nunc
459 1937 593 1998 melioris
616 1931 800 1996 desiderium
825 1938 976 2014 levamus,
1004 1933 1060 1998 sed
1083 1936 1204 2018 integri,

161 2039 268 2103 illibati
284 2051 314 2101 et
338 2039 424 2101 omni
441 2040 511 2101 labe
530 2037 687 2099 carentis.“
728 2037 862 2100 Haberet
877 2059 951 2100 sane
972 2039 1031 2103 Vir
1045 2053 1203 2125 praestan-

160 2142 309 2220 tissimus,
332 2163 384 2202 cur
400 2143 461 2203 hoc
475 2150 592 2225 reperto
606 2141 765 2201 laetarettu
782 2151 813 2202 et
827 2141 1014 2222 gloriarettu,
1056 2141 1084 2204 si
1101 2143 1202 2208 modo

159 2243 193 2304 in
206 2244 259 2306 illo
273 2243 371 2305 lexico
392 2246 488 2306 ullum
504 2252 659 2329 appareret
679 2241 858 2322 vestigium,
881 2265 921 2305 ex
937 2265 997 2329 quo
1018 2255 1098 2308 certo
1113 2248 1202 2308 colli-

126 2423 131 2431 ι
160 2366 231 2426 gere
242 2367 418 2431 possemus
441 2367 480 2407 ex
492 2355 597 2407 nostro
611 2345 767 2426 Hesychio
781 2347 889 2408 hausta
902 2367 983 2424 esse,
1005 2344 1136 2431 quesibi
1151 2349 1200 2409 le-

159 2459 276 2528 guntur.
320 2447 355 2510 Si
368 2445 448 2533 apud
464 2446 653 2528 Hesychium
667 2447 795 2527 legimus
816 2439 993 2530 {Actorum
969 2416 1201 2636 demu-

158 2567 225 2625 τος
264 2542 455 2632 'Abqvuiofi
475 2549 670 2612 inrhetorico
687 2561 789 2611 autem
799 2550 897 2612 lexico
919 2545 1041 2629 „tricos
1139 2574 1200 2637 vp-

157 2664 214 2717 σιν
234 2647 271 2715 ἐν
292 2653 333 2738 τῇ
354 2645 563 2735 πάρνηθι,“
544 2672 630 2716 σπου
650 2649 734 2726 Διὸς
755 2644 963 2734 &erquerico
982 2647 1049 2717 ἐστὶ
1067 2650 1199 2736 tiarpo'c‘⁴
1242 2660 1253 2673 '

157 2754 305 2836 Hesychii
318 2757 412 2818 verba
432 2777 505 2818 sane
523 2756 724 2841 explicantur3
753 2753 810 2818 sed
824 2753 907 2818 unde
921 2736 1199 2835 sciebabRuhnke-

156 2857 238 2936 nius,
261 2880 300 2919 ex
312 2859 467 2939 Hesychio
481 2859 572 2920 lexici
581 2859 660 2921 illius
673 2857 850 2944 scriptorem
863 2845 1103 2946 suaaccepisse?
1131 2858 1197 2921 Re-

155 2959 237 3042 liqua
262 2959 366 3021 omnia
387 2962 524 3023 similiter
541 2982 610 3022 sese
625 2962 749 3022 habent.
801 2960 936 3021 Lexicon
955 2958 1057 3036 illud,
1076 2981 1116 3019 ex
1132 2980 1193 3040 quo

154 3057 356 3124 Ruhnkenius
365 3063 518 3147 antiquam
525 3059 791 3141 Hesychiifaciem
804 3079 837 3119 se
848 3058 1027 3137 cognovisse
1035 3054 1136 3135 credit,
1151 3060 1190 3119 ab

152 3159 284 3226 Imman.
299 3163 456 3243 Bekkero,
477 3157 651 3237 Anecdtl,
672 3180 702 3244 p.
722 3158 782 3223 195
795 3180 878 3244 seqq.
898 3157 1014 3221 editum
1034 3170 1088 3221 est.
1131 3157 1193 3221 Al-

152 3266 349 3349 phabeticum
358 3275 440 3326 tenet
457 3261 581 3347 quidem
600 3260 757 3340 ordinem,
779 3261 836 3324 sed
847 3263 902 3341 ita,
924 3272 958 3323 ut
979 3261 1109 3347 primam
1123 3271 1192 3323 tan-

152 3369 329 3446 tummodo,
356 3389 420 3428 non
440 3362 619 3443 secundam,
648 3365 807 3428 tertiamve
831 3365 949 3426 literam
977 3374 1068 3427 curet.
1111 3360 1191 3443 Qui·
1217 3418 1234 3444 .-

152 3471 210 3551 bus
223 3470 313 3548 igitur
325 3480 364 3529 ex
376 3466 510 3544 vestigiis
517 3466 765 3553 interpolatorem
775 3467 827 3528 illa
838 3467 937 3529 lexico
950 3465 1101 3529 rhetorico
1112 3466 1191 3530 inie-

153 3568 229 3632 cisse
251 3568 403 3646 collegerit
420 3566 637 3649 Ruhnlrenius,
666 3567 809 3656 equidem
825 3590 889 3631 non
910 3569 1069 3655 perspicio.
1110 3567 1191 3633 Etsi

150 3667 397 3756 interpolatorem
424 3692 497 3734 vere
525 3671 788 3759 deprehend‘uset,
822 3694 873 3734 cur
895 3672 946 3734 ille
966 3694 1006 3734 ex
1029 3672 1188 3753 Hesychio

151 3772 256 3834 omnia
274 3772 408 3834 hauserit
426 3796 552 3839 necesse
573 3785 633 3854 est,
656 3776 707 3861 qui
725 3776 792 3860 ipse
810 3774 931 3859 antiqua
951 3774 1189 3838 aliorumlexica

149 3872 314 3958 exscripsit
355 3874 467 3943 Nonne
487 3877 576 3958 igitur
590 3876 652 3939 duo
676 3874 803 3965 eosdem
814 3879 916 3939 fontes
927 3875 1015 3962 sequi
1026 3863 1189 3962 poterant?

34 4011 36 4015 ·
149 3971 306 4060 Denique,
337 3998 431 4062 quum
454 3978 655 4046 Ruhnkeuius
674 3981 751 4043 haec
771 3978 928 4060 scriberet,
951 3977 1014 4042 diu,
1031 3971 1189 4056 cognition

554 4190 622 4395 fe
717 4448 723 4458 ,
