2534 4644
55 268 77 303 Ψ
112 266 156 329 'to

112 431 185 520 quid
200 428 341 511 audierit,
363 443 394 495 et
407 431 717 514 Schweighaeuserus
737 434 805 518 ipse
817 456 872 497 sno
893 438 960 496 loco
977 456 1054 496 etun
1069 456 1166 520 prae-

110 536 286 599 tenuiserit:
315 538 442 596 sortasse
456 535 571 596 infelici
586 549 746 616 momento
771 559 841 598 eum
854 538 1064 598 Hermonacte
1078 537 1167 622 Hip-

110 647 273 722 ponactcm
291 637 498 698 commutavit.
544 634 685 700 Ceterum
707 638 801 723 poeta
816 640 982 724 Hipponax
1007 660 1113 724 saepe
1134 641 1167 701 in

109 738 303 819 Hesychiano
316 739 415 799 lexico
432 739 614 816 nominatur,
628 741 680 800 cfr.
692 737 904 825 Indicscript.
917 739 1040 803 Alhert.
1056 753 1091 802 et
1105 743 1167 802 hae

108 841 140 900 in
158 860 236 902 voce
257 841 441 929 excerptoris
454 840 656 901 inconstantia
670 838 790 902 excidit.
833 842 914 904 Rem
928 853 1033 903 alitem
1046 843 1166 927 ipsam,

108 943 147 1003 ab
168 926 302 1025 utroqud·
319 943 522 1020 'grammatico
550 939 690 1001 traditam
712 944 930 1028 contemplanti
956 945 1075 1004 minim
1096 945 1166 1022 erit,

107 1040 377 1128 quodAtheuaeus
389 1043 573 1106 adieetirum
588 1040 690 1102 omisit
710 1037 864 1124 ,,οίγρία“;
885 1066 976 1130 quare
989 1044 1167 1128 Schweig-

106 1146 271 1206 haeuserus
284 1143 367 1229 apud
381 1132 579 1207 Athenaeum
592 1135 712 1222 οίγρίαν
724 1143 901 1207 addendum
914 1169 996 1225 esse,
1020 1170 1094 1209 non
1116 1151 1166 1210 iri-¹

108 1255 177 1330 epte
195 1245 362 1330 suspicatus
383 1260 437 1310 est.
487 1247 591 1330 Neque
606 1254 709 1305 tamen
724 1247 753 1306 ei
767 1249 926 1326 assentior,
949 1250 1021 1333 quia
1034 1253 1077 1312 ab
1087 1251 1167 1329 He-

1 1346 6 1357 '
106 1334 205 1428 sychii
222 1360 398 1434 excerptore
423 1350 551 1410 fortasse
575 1346 640 1408 rex
664 1343 766 1410 addita
794 1361 847 1411 est.
885 1341 948 1428 „ol
967 1344 1004 1413 δὲ
1035 1349 1166 1434 tavent,

19 1468 22 1473 ·
48 1472 54 1483 ’
107 1450 149 1511 ait
159 1449 317 1512 Helladius
329 1472 378 1535 ap.
393 1450 547 1525 Photium‚
568 1444 716 1525 θρίδακα
727 1444 788 1528 μὲν
802 1444 839 1512 τὸ
855 1445 977 1532 ἥμερον
991 1444 1166 1535 λάχανον,
1203 1476 1205 1545 ρ

107 1551 307 1634 θριδακίνην
325 1549 360 1613 δὲ
373 1543 411 1610 vd
424 1543 543 1628 ίίγριον
554 1548 734 1610 καλοῦσινιι
756 1571 805 1636 ap.
821 1551 990 1614 Meursium
1008 1574 1040 1636 p.
1061 1545 1119 1617 12.
1134 1556 1167 1616 et
1204 1576 1205 1587 ¹

107 1652 175 1731 51.,
197 1654 248 1735 qui
260 1655 387 1711 fortasse
401 1646 441 1709 de
458 1645 575 1709 Galeno
590 1649 734 1731 loquitur,
758 1650 797 1712 de
812 1675 948 1739 compos.
960 1653 1080 1716 medic.
1099 1678 1164 1720 sec.
1203 1648 1205 1727 ί

53 1750 58 1757 “
105 1755 172 1813 loca
185 1752 251 1813 libr.
265 1749 305 1814 tt.
324 1752 366 1812 ita
379 1771 446 1813 rem
457 1762 629 1835 exponente
650 1750 874 1836 ,,Θριὸακίνης
887 1758 945 1836 τῆς
959 1750 1164 1839 ennecone

106 1851 219 1917 τἰκαὶ
239 1848 375 1935 ripple&
399 1844 554 1932 ἢνίοίοτς
568 1845 771 1933 ὀνομάζουσι
781 1856 999 1940 θριδακίνηνιι
1022 1862 1081 1922 cfr.
1098 1863 1163 1925 Lo·

105 1956 192 2017 beck.
206 1954 245 2017 ad
259 1942 471 2038 Phrynichsp.
487 1956 556 2017 130.
599 1952 696 2039 Apud
716 1952 913 2020 Athenaeum
926 1960 1047 2021 nullum
1063 1965 1162 2038 huius

104 2058 150 2119 rei
160 2059 324 2139 vestigium
334 2057 472 2119 invenire
488 2055 584 2139 potui.
608 2093 647 2103 —
670 2056 785 2120 Athen
800 2059 858 2121 XI.
873 2083 904 2145 p.
920 2061 990 2124 470.
1009 2061 1038 2125 d.
1061 2057 1162 2148 Ἡμι.

104 2178 218 2241 τομος·
241 2152 374 2241 ἔκπωμά
398 2178 427 2221 τι
446 2147 525 2236 παρ’
539 2147 714 2234 Ἀττικοῖς,
737 2153 878 2224 ἀπὸτοῦ
892 2156 1060 2244 σχήματος
1077 2163 1160 2234 ὀνο-

104 2258 250 2345 μασθὲν,
274 2257 355 2344 φησί
376 2253 552 2339 Πάμφιλος
566 2253 603 2320 ἐν
619 2255 817 2337 steterant
838 2265 1012 2345 Hesychius
1034 2263 1159 2354 „Upi-

105 2383 220 2446 τομος·
254 2358 437 2447 ἔκαοιμα.“Ι
463 2359 501 2421 Ut
523 2362 599 2421 haec
620 2362 679 2422 sihi
693 2364 808 2447 optime
827 2365 1028 2449 respondent,
1053 2394 1160 2456 quan.

103 2484 196 2550 quam
218 2465 302 2522 iusto.
311 2465 398 2546 plura
415 2442 458 2523 'dh
471 2473 648 2546 excerptore
663 2464 776 2528 omissa
792 2476 877 2541 sunl,
898 2467 939 2526 ita
952 2491 1046 2530 nemo
1061 2497 1159 2559 prae.

103 2572 184 2627 terea
195 2563 286 2625 huius
306 2562 425 2647 poculi,
447 2573 593 2646 quantmn
606 2563 735 2647 scimus,
756 2568 835 2628 inter
854 2572 1071 2649 grarmnaticos
1086 2599 1158 2642 me.

58 2667 200 2754 §illinit
243 2663 347 2743 Quare
368 2686 462 2750 quum
473 2666 550 2726 haee
574 2666 630 2729 tria
647 2662 795 2733 vocabula
815 2691 854 2730 ex
864 2668 1016 2756 Pamphili
1030 2676 1159 2752 glossa.

102 2771 148 2832 rio
160 2769 282 2832 laudata
295 2771 361 2833 sine
373 2772 434 2832 ulla
452 2768 640 2832 dubitatione
656 2769 738 2855 apud
754 2763 944 2852 Hesychium
953 2777 1159 2862 reperiantur,

103 2873 129 2935 si
149 2872 221 2957 quid
235 2873 336 2936 minus
356 2884 492 2935 accurate
516 2873 677 2957 repetitum
697 2884 757 2949 est,
779 2896 841 2934 non
862 2894 975 2952 magno
990 2897 1087 2956 opere
1104 2888 1161 2945 of.

102 2973 288 3039 fendemur„
305 2973 486 3036 Athenaeus
501 2976 584 3034 enim
597 2973 636 3051 H,
651 2974 701 3036 85.
718 2996 743 3034 c.
756 2976 808 3035 ubi
824 2974 863 3033 de
876 2994 953 3034 voce
974 2971 1162 3050 ,,κίτριον“

5 3100 13 3115 =
102 3076 172 3154 agit,
193 3076 270 3135 hacc
282 3076 391 3137 habet:
415 3068 614 3154 „Hippotes
638 3068 674 3133 ἐν
690 3074 761 3144 ταῖς
775 3065 945 3144 Γλώσσαις
961 3066 1159 3162 Ῥωμαίους

103 3171 206 3259 φησὶν
227 3169 310 3238 αὐτὸ
331 3173 446 3255 κίτρον
469 3172 611 3237 καλεῖν.“
651 3171 822 3255 Hesychius
846 3184 947 3234 autem
969 3173 1155 3255 „Koreton-

101 3271 139 3341 τὸ
160 3268 307 3341 Ἰνδικόν
326 3275 471 3358 μῆλον“,·
499 3283 650 3358 praeterea
668 3274 753 3336 nihil.
796 3274 999 3359 Neque'enim
1014 3299 1074 3340 nos
1092 3286 1154 3348 ad.

100 3377 315 3449 iuvatcodicis
328 3377 470 3460 scriptura
491 3376 656 3458 ,,κρίτον“,
680 3382 732 3439 cfr.
755 3376 931 3456 Schweigh.
944 3376 1089 3444 Animm.
1108 3385 1152 3451 Π,

43 3488 46 3493 “
101 3502 131 3567 p.
146 3483 212 3556 67„
248 3499 339 3563 quam
362 3480 476 3538 malam
498 3499 565 3541 esse
591 3482 657 3566 ipse
674 3479 885 3543 Romanorum
906 3502 977 3543 usus
1000 3487 1152 3571 ostendit,

102 3584 153 3663 cfr.
165 3578 441 3657 l’lin.Natur.Hist.
456 3583 476 3641 l.
491 3577 580 3643 XIII.
591 3604 615 3644 c.
627 3586 665 3645 16
677 3582 728 3641 lin.
757 3579 860 3659 Quare
874 3584 949 3645 haec
965 3584 1104 3667 quidem,
1124 3593 1153 3654 si

100 3704 208 3764 pertun
230 3695 276 3745 est
295 3681 440 3744 iudicium
470 3702 590 3762 meum,
623 3681 832 3761 Diogenianus
852 3685 971 3763 omisit,
1003 3690 1152 3773 fortasse,

101 3785 181 3871 quia,
201 3797 234 3846 ut
254 3778 423 3867 μουκηρός
438 3784 603 3861 Laeonum,
619 3805 682 3845 non
696 3805 752 3845 suo
766 3786 835 3845 loco
848 3786 992 3870 positum,
1013 3788 1057 3848 sic
1072 3812 1101 3854 s.
1118 3815 1152 3861 y.

100 3885 230 3968 κιτρίον
243 3889 367 3948 allatum
380 3898 410 3946 et
426 3886 608 3971 exphcatum
623 3898 694 3948 erat.
732 3883 838 3968 Neque
851 3884 883 3944 id
897 3886 1074 3951 mirandum
1091 3884 1152 3974 est}

101 4001 152 4052 aut
164 4011 253 4052 meae
267 3986 432 4051 sentcntiae
446 3987 635 4066 adversatur,
658 3988 725 4072 quia
740 3987 813 4050 alibi
824 4009 945 4072 quoque
958 3990 991 4050 iu
1003 3997 1153 4058 vocabu.
