2534 4644
162 440 299 501 zianzeni
320 435 480 524 ἐπιταφίῳ
501 439 547 514 εἰς
561 434 684 517 πατέρα
698 443 808 501 lectam
826 437 1035 524 adscripscrat,
1057 445 1208 503 referente

154 521 384 621 'lurrgermanno
400 542 437 603 ad
453 542 566 613 Polluc.
582 541 619 602 ll.
631 564 660 625 p.
678 545 767 605 1068.
791 536 847 617 „td
862 535 1036 602 τάλαντον·
1061 534 1107 613 139
1125 557 1208 624 φησι

163 639 335 719 Διόδωρος
348 640 423 720 περὶ
445 646 611 722 σταθμῶν,
639 646 733 723 μνῶν
757 638 845 704 ἐστιν
862 635 1065 722 ἑξήκονταὴ
1089 638 1124 704 δὲ
1139 646 1208 722 μνᾶ

164 746 320 826 δραχμῶν
337 739 491 824 {nutrirat}
507 742 540 806 δὲ
552 740 679 826 δραχμὴ
695 739 824 826 ὀβολῶν
839 738 886 815 ἕξ·
911 737 1063 823 adflatos
1076 748 1207 825 χαλκῶν

164 843 213 923 ἕξ·
236 841 407 924 ὁχαλκονς
422 847 547 907 λεπτῶν
560 841 647 909 ἑπτα
664 842 701 908 cd
710 841 873 907 τάλαντον
885 840 921 906 di
932 839 1092 907 Ἀττικόν·
1115 843 1207 925 παρὰ

164 940 420 1030 ὁὲΣτκελιῶταις
434 941 470 1006 cd
484 935 672 1028 ἅρχαῑονῆν
684 950 777 1027 μνῶν
794 942 1074 1026 εἰκοσιτεσσάρων·
1092 949 1159 1010 νῦν
1173 947 1208 1012 δὲ

55 1109 57 1112 ,
162 1045 309 1113 deltiana·
329 1043 538 1110 δύναταοὸὲὸ
553 1043 939 1131 νόμοςτριάἡμιοβόλιαιι
960 1049 992 1108 in
1007 1049 1207 1133 quibusprio-

162 1174 195 1213 re
208 1155 277 1212 loco
295 1172 350 1236 pro
369 1142 531 1230 νούμμων
549 1148 634 1217 idem
657 1153 751 1232 μνῶν
771 1151 937 1234 repositum
958 1160 1018 1227 est,
1039 1152 1207 1234 posteriorc

163 1267 264 1314 autem
280 1248 319 1311 ad
333 1251 450 1312 veriora
464 1249 591 1327 reditur3
615 1254 667 1312 cfr.
683 1252 892 1312 illontfaucon.
909 1250 991 1312 Diar.
1006 1250 1071 1313 Ital.
1085 1274 1116 1335 p.
1133 1253 1205 1316 214.

163 1354 296 1430 Eadem,
319 1351 428 1414 additis
449 1352 629 1436 quibusdam
648 1365 678 1414 ct
692 1355 814 1415 abiectis
838 1354 951 1414 ultimis
965 1353 1024 1414 illis
1045 1348 1207 1430 „dricturae

165 1453 218 1520 δὲιι
242 1468 369 1538 atquae
393 1464 570 1536 sequuntur,
597 1454 677 1540 apud
700 1454 827 1516 Suidam
845 1456 1002 1515 habentur.
1045 1451 1113 1515 Iam
1134 1456 1207 1538 quid

163 1558 298 1620 sibimlt
313 1555 364 1615 illa
376 1556 468 1614 trium
480 1556 602 1616 testium
625 1557 891 1618 commemoratio:
914 1554 1102 1634 Aristotelis,
1127 1555 1207 1618 Dio-

164 1659 230 1719 dori
252 1669 282 1718 et
293 1653 500 1740 Apollodori?
543 1656 609 1735 Ego
630 1660 656 1720 si
672 1658 744 1743 quid
766 1656 875 1734 video,
909 1658 1041 1741 primum
1054 1679 1095 1719 ne
1110 1659 1145 1718 in
1161 1680 1207 1720 er-

162 1781 245 1820 rores
265 1757 433 1818 incidamus
453 1756 625 1820 Aristotelis
644 1761 825 1820 sententiam
844 1761 881 1820 ab
905 1760 1049 1842 opinione
1075 1759 1207 1822 Diodori

163 1862 356 1938 seiungamus
379 1881 503 1921 necesse
525 1872 587 1922 est:
621 1881 698 1943 quae
720 1883 790 1921 cum
803 1862 851 1921 his
873 1862 1040 1945 composita
1056 1862 1136 1922 nihil
1150 1864 1207 1923 nisi

162 1973 287 2048 peccata'
303 1960 393 2044 parit.>
431 1958 560 2021 Diodori
573 1973 674 2022 autem
689 1973 718 2022 et
731 1959 915 2046 Apollodori
929 1961 1016 2040 dicta,
1038 1964 1065 2023 si
1077 1962 1205 2024 Suidam

165 2085 234 2124 cum
252 2063 413 2124 scholiasta
434 2074 538 2122 nostro
567 2084 792 2147 comparamus,
835 2065 979 2125 facillime
1000 2065 1204 2144 seiunguntur.

163 2165 247 2226 Nihil
261 2164 343 2224 enim
357 2167 481 2224 refertur
494 2166 556 2224 iure
568 2165 606 2224 ad
618 2164 852 2250 Apollodorum,
865 2167 924 2227 nisi
939 2167 1042 2226 ultima
1054 2168 1105 2227 illa
1128 2162 1205 2243 „dti-

164 2287 261 2329 ναται
276 2257 308 2326 δ’
326 2257 411 2326 εἶναι
425 2263 500 2340 τρία
520 2259 694 2346 ἡμιβόλια“
715 2267 807 2350 idque
822 2268 898 2330 vidit
910 2269 973 2329 iam
987 2267 1102 2328 dudum
1116 2268 1205 2348 Hey-

163 2369 241 2429 oius.
286 2363 374 2444 Quae
394 2370 420 2431 si
440 2392 512 2432 vera
531 2382 615 2446 sunt,
645 2372 736 2431 simul
752 2368 790 2429 de
812 2373 924 2431 talento
945 2391 1115 2431 sermonem
1134 2391 1205 2429 esse

164 2471 316 2545 evincitur,
338 2493 400 2530 nou
416 2470 454 2531 dc
467 2472 566 2548 minis,
587 2493 687 2554 neque
700 2470 738 2531 dc
756 2473 898 2549 nmnmis,
922 2483 953 2531 ut
965 2470 1121 2532 scholiasta
1135 2468 1205 2529 Na-

162 2573 324 2633 zianzenus
339 2573 537 2649 existimavit3
565 2594 658 2656 quam
670 2574 703 2633 in
716 2594 781 2634 rem
797 2572 1033 2658 comparandum
1045 2583 1090 2632 est
1104 2573 1202 2632 schol.

164 2673 203 2735 ad
218 2673 252 2735 ll.
271 2672 398 2752 XXlll,
413 2680 484 2738 269.
507 2668 589 2755 „aize
605 2671 639 2736 δὲ
654 2670 732 2737 ποτὲ
755 2669 814 2750 μὲν
834 2669 950 2736 ἑκατὸν
966 2669 1121 2754 δραχμὰς,
1145 2694 1202 2736 πο-

163 2772 196 2838 τὲ
219 2772 254 2838 ὁὶ
275 2771 492 2855 πεντήκοντα,
523 2773 602 2839 κοτὲ
623 2772 658 2839 δὲ
680 2771 716 2848 l‘,
738 2772 816 2838 ποτὲ
838 2771 1117 2853 εἰκοσιτέσσαρας,
1146 2795 1201 2838 κο-

162 2876 196 2941 τὲ
220 2873 260 2954 d’,
294 2873 338 2950 ὥς
359 2891 441 2957 φησι
467 2876 620 2954 Τίμαιος,
650 2875 704 2939 καὶ
728 2872 763 2939 τό
784 2880 974 2939 ’τελευταῖον
995 2875 1103 2957 μίαν.“
1147 2877 1201 2937 His

162 2977 346 3064 Apollodori
359 2980 506 3040 sententia
519 2981 608 3040 facile
621 2978 799 3058 adiungitur,
816 3000 915 3062 neque
929 2978 1134 3039 necessarium
1148 2989 1199 3053 est,

163 3081 201 3142 de
216 3080 318 3142 Siculo
332 3081 444 3141 talento
460 3083 536 3140 haec
548 3081 683 3160 intelligi,
705 3082 773 3164 quia
786 3077 995 3162 Apollodorus
1012 3078 1050 3140 de
1063 3078 1199 3164 Sophro-

163 3183 268 3244 neubi
285 3179 324 3241 de
339 3178 440 3240 Siculo
453 3183 561 3260 agebat
574 3184 703 3260 talento,
727 3182 855 3242 aliorum
876 3183 1058 3257 talentorum
1070 3183 1201 3266 pretium

163 3303 336 3369 comparare
355 3302 418 3341 non
436 3281 538 3364 inepte
559 3293 685 3368 poterat.
729 3282 818 3360 Quae
837 3284 863 3345 si
884 3303 956 3345 uera
970 3294 1055 3357 sunt,
1078 3293 1113 3342 ut
1131 3293 1202 3352 sunt

161 3410 231 3450 meo
246 3384 375 3459 iudicio,
418 3381 581 3461 llliillerus,
601 3386 649 3448 vir
661 3407 733 3448 vere
747 3385 891 3460 eximius,
913 3394 994 3443 recte
1007 3395 1108 3444 totum
1119 3381 1201 3446 hunc

161 3477 273 3562 locum,
295 3486 321 3546 si
335 3483 374 3543 de
389 3481 489 3543 Sicula
512 3487 641 3568 pecunia
655 3499 821 3570 quaeratur,
845 3487 956 3546 nullius
970 3506 1038 3546 esse
1049 3488 1203 3548 momenti

159 3587 318 3651 iudicavit:
352 3587 404 3645 cfr.
424 3581 597 3649 Geschicht,
618 3589 737 3648 Hellen.
757 3587 894 3647 Stamme
913 3585 978 3648 und
993 3586 1115 3665 St'eidte,
1145 3587 1200 3651 ΠΙ.

159 3714 189 3776 p.
204 3695 274 3752 216.
289 3709 352 3771 seq.
394 3685 538 3749 Etrusker
551 3687 576 3749 Ι.
592 3711 621 3773 p.
636 3688 714 3767 3143
730 3709 829 3770 neque
844 3689 1048 3751 necessarium
1061 3701 1122 3766 est,
1143 3713 1201 3774 pro

158 3784 418 3871 relaturorum
433 3812 503 3850 cum
517 3789 666 3851 Salmasio
680 3791 808 3850 scribere
830 3791 961 3869 ,μρίτον
973 3784 1202 3871 ἡμιοβόλιον.“

241 3893 278 3955 ld
297 3913 370 3954 vero
392 3892 493 3975 ipsum
513 3891 595 3975 quod
620 3892 652 3951 in
675 3892 830 3970 Hesychio
855 3917 918 3955 non
947 3893 1106 3976 reperitur,
1135 3915 1203 3954 non

156 3997 264 4057 miram
280 4005 340 4069 est,
365 3992 432 4074 quia
447 4013 470 4053 s
486 4015 515 4053 v.
533 3989 711 4067 τάλαντον,
734 3995 855 4056 omissis
868 3996 989 4057 testimo
1010 3997 1201 4078 nominibus,
