2534 4644
1074 262 1136 366 ira

101 480 209 540 iterum
222 477 254 536 in
267 476 344 537 alius
359 494 469 535 manus
489 471 607 548 incidit,
629 470 750 532 Paullus
766 469 921 532 Diaconos
941 485 1042 534 autern
1057 473 1136 535 inta-

101 576 269 640 clns'nobis
283 573 403 637 relictus
423 585 478 636 est.
521 573 587 634 lam
608 592 701 657 quum
723 573 846 653 cogitari
863 575 975 658 possit,
997 574 1137 638 Paullum

101 692 131 740 et
142 678 370 758 Diogenianrnn
390 688 424 737 ut
445 676 639 760 Pamphilum
652 686 683 736 et
695 674 820 737 Festum
840 672 951 743 eodem
971 698 1043 740 usos
1069 700 1139 740 esse

101 780 244 856 consilio,
266 778 440 858 audiamus,
469 777 542 863 quid
560 776 682 840 Paullus
703 776 742 839 de
759 799 816 839 suo
836 798 928 863 opere
950 781 1067 842 locutus
1088 783 1135 843 sit.

101 880 157 943 Ait
178 892 281 942 autem
301 881 433 959 „Fesurs
450 880 580 965 denique
597 879 762 964 Pompeius
777 877 925 943 Romanis
941 881 1047 963 studiis
1060 884 1137 944 aila-

100 984 157 1044 tim
176 982 323 1062 eruditus,
345 995 408 1045 tam
428 1004 606 1045 sermonum
627 980 813 1061 abditorum,
835 1003 927 1065 quarn
948 985 1041 1046 etiam
1061 1007 1136 1068 qua-

100 1083 230 1146 rundam
256 1097 428 1147 caussarum
443 1085 574 1164 origines
588 1083 740 1168 aperiens,
774 1105 851 1169 opus
864 1106 956 1146 sumn
975 1085 1015 1146 ad
1030 1087 1136 1166 viginti

101 1208 196 1272 usque
215 1188 331 1273 prolixa
349 1187 507 1250 volumina
527 1185 677 1248 extendit:
712 1207 751 1248 ea·
774 1207 840 1272 qna
863 1208 927 1271 ego
943 1186 1137 1270 prolixitate

100 1287 270 1375 superflua
284 1286 456 1374 quaedum
470 1297 502 1350 et
515 1284 824 1350 mitmsneoeaauriu
832 1288 1137 1373 praetergrediens

100 1403 130 1451 et
142 1389 293 1475 quaedam
300 1392 436 1452 abstrusa
449 1390 569 1475 penitus
582 1392 660 1470 slylo
670 1389 791 1473 proprio
805 1391 976 1466 enucleans,
990 1394 1136 1450 nonnulla

99 1493 181 1553 itaut
192 1503 276 1555 eraut
287 1491 386 1577 posita
400 1492 581 1575 relinquens,
588 1491 648 1551 hoc
660 1501 779 1552 vestrae
793 1488 960 1577 celsitudini
973 1489 1137 1569 legendum
1188 1483 1190 1487 ἲ

101 1591 317 1678 compendium
331 1593 456 1655 obtuli.“
480 1596 531 1652 cfr.
540 1589 643 1653 Auctt.
655 1593 706 1653 lat.
714 1592 786 1671 ling.
802 1592 840 1653 ab
855 1589 985 1673 Dionys.
995 1589 1135 1654 Gotholi·.

101 1697 215 1756 collect.
228 1718 258 1780 p.
272 1693 345 1758 242.
387 1693 476 1758 Idem
494 1692 887 1773 voluisse'Diogeuianmn,
909 1695 1009 1778 operis
1031 1695 1136 1756 iuscn'-

98 1797 172 1881 ptio,
193 1816 286 1879 quam
299 1797 394 1882 capite
406 1798 494 1858 tertio
509 1795 735 1880 explicavimus,
757 1795 868 1873 docuit,
885 1817 945 1879 quo
959 1797 1025 1880 ipse
1040 1797 1137 1858 omis-

99 1917 133 1959 sa
154 1918 222 1960 esse
246 1899 398 1983 superflua
418 1897 579 1960 indicabat.
632 1896 699 1959 Iam
718 1919 792 1962 vero
814 1899 841 1960 si
862 1897 945 1958 Festi
966 1919 1046 1982 ‚opus
1065 1919 1136 1958 cum

102 1997 195 2060 Paulli
217 2000 350 2083 epitome
365 2019 590 2083 comparamus,
612 1998 686 2083 quid
698 1998 773 2060 illud
789 2000 828 2060 sit
840 2000 1087 2083 praetenuissum
1104 2010 1143 2079 e}

99 2120 155 2184 pro
175 2099 327 2183 superfluo
346 2101 499 2178 habitum,
530 2100 619 2161 facile
636 2111 767 2185 apparet.
811 2098 888 2161 Sunt
900 2100 984 2161 enim
997 2119 1070 2183 prae
1084 2088 1136 2162 ce'ss

100 2201 169 2263 ten‘s
190 2202 305 2263 abiecta
318 2212 456 2263 veterum
474 2202 653 2287 scriptorum
673 2201 862 2282 testimonia,
884 2198 995 2262 deinde
1010 2203 1135 2262 nomina

99 2325 219 2382 eorum,
242 2304 293 2388 qui
306 2303 422 2383 singula
434 2306 583 2366 vocabula
599 2291 782 2390 interpretati
795 2314 879 2381 sunt,
900 2314 935 2364 ut
945 2324 970 2366 s.
985 2325 1015 2367 v.
1028 2302 1138 2366 maio-

99 2400 172 2467 r'em
184 2403 374 2480 consulum
404 2405 515 2468 deinde
530 2427 607 2491 quae
621 2427 660 2467 ex
686 2406 810 2467 historia
824 2403 925 2474 addita
940 2417 1037 2484 crant,
1065 2417 1097 2466 ut
1110 2428 1135 2468 s.

98 2526 129 2570 v.
150 2505 367 2581 Mamertini,
401 2518 554 2592 praeterea
576 2509 603 2570 si
624 2507 761 2571 diversae
780 2509 908 2570 aliorum
933 2509 1137 2571 reserebantur·

97 2610 279 2685 sententiae,
301 2620 334 2670 ut
346 2630 371 2671 s.
385 2630 416 2672 r.
440 2609 639 2693 Quintipor3
660 2610 792 2694 denique
802 2613 898 2671 multa
910 2611 983 2688 alia,
1005 2632 1082 2693 quae
1096 2610 1136 2671 de
1151 2619 1153 2623 ’

97 2710 224 2770 vocibus
236 2709 318 2768 dicta
332 2719 418 2785 sunt3
439 2706 518 2768 adeo
530 2710 667 2785 singulae
682 2731 775 2772 voces
788 2709 936 2793 quaedam
953 2710 1034 2794 apud
1044 2711 1135 2771 Paul-

99 2811 162 2868 lum
181 2812 288 2870 frustra
308 2819 496 2892 quaemntur.
539 2807 713 2870 Verisimile
731 2821 792 2887 est,
822 2809 931 2872 eadem
951 2813 1002 2875 via
1018 2810 1136 2890 Dioge-

100 2910 224 2970 uianum
243 2930 436 2994 progressum
456 2929 533 2972 esse.
577 2905 710 2987 Quodsi
727 2912 892 2990 sumimus,
915 2914 948 2973 in
968 2907 1068 2988 λέξεις
1083 2933 1135 2973 ea-

97 3032 225 3096 rumque
245 3009 469 3074 multitudinem
489 3012 636 3090 intentam,
664 3012 818 3075 uberiores
837 3012 877 3074 de
900 3015 964 3078 eius
984 3013 1135 3078 scribendi

97 3114 214 3176 ratione
226 3112 443 3199 disputationes
456 3125 489 3174 ut
503 3116 540 3176 ab
556 3127 733 3195 argmnento
748 3115 878 3196 alienas,
899 3118 1134 3203 praetermittere
1204 3152 1205 3156 =

97 3217 184 3277 facile
196 3216 302 3300 potuit.
371 3296 373 3302 Ι

158 3353 160 3360 ν
182 3315 271 3395 Quae
285 3316 312 3379 si
323 3335 396 3379 vera
408 3325 487 3392 sunt,
508 3326 632 3398 uterque
644 3327 675 3377 et
687 3315 896 3394 Diogeniauus
910 3330 940 3380 et
952 3319 1133 3399 Hesychius,

97 3418 211 3480 viribus
223 3418 405 3496 coniunctis,
428 3418 606 3492 effecenmt,
628 3427 661 3475 ut
673 3437 773 3478 rerum
791 3438 882 3502 supra
898 3432 1134 3481 memoratarum

97 3523 177 3581 nulla
193 3520 321 3603 amplius
333 3520 517 3605 reperirenu,
533 3515 607 3578 dum
621 3519 696 3579 alter
708 3521 862 3583 uberiores
870 3519 1134 3606 disputationesde

96 3623 203 3683 sonnis
218 3631 248 3681 et
262 3619 511 3682 declinationibus
519 3618 726 3703 similibusque
744 3624 833 3684 rebus
847 3625 974 3702 sustulit,
981 3627 1055 3684 alter
1068 3616 1148 3715 He}

96 3720 215 3782 rodiani
225 3723 374 3784 rationem
381 3721 531 3787 scribendi
541 3733 660 3784 secutus
667 3722 843 3806 scripturam
849 3746 912 3786 non
920 3747 988 3788 raro
994 3727 1132 3790 mutavit.

1240 786 1260 827 Φ
