2534 4644
98 251 146 312 38

103 418 144 482 Is.
156 418 286 480 Vossius
297 418 459 478 litterarum
473 414 583 476 serium
595 423 712 475 secunus
729 424 808 477 reete
822 407 994 488 ταλαιόρεα
1005 414 1158 478 correxit.

105 519 262 583 Praeterea
277 540 345 580 eam
361 516 637 600 interpretationem
651 519 707 577 sub
722 536 800 579 voce
813 516 924 594 ταῦρος
937 513 1055 576 dictam
1079 515 1162 577 suis-

106 643 155 700 se,
178 621 376 704 suspicamur,
399 619 467 702 quia
486 618 529 678 ibi
558 619 712 696 μῶρος·
735 611 754 680 ὁ
776 615 984 694 valuimus
1003 616 1161 701 scriptino

108 733 168 799 est,
191 722 235 800 ll,
257 744 286 806 p.
311 725 407 783 1092..
442 718 621 802 Eodemque
639 719 822 807 tranensium
840 718 956 783 ibidem
985 722 1162 798 ‚mmmm

106 818 275 905 κηδεύειν,
298 824 444 885 πενθεῖν.
488 815 651 900 linuntur
670 818 892 900 ταλαιπωρία,
915 813 1046 893 πένθος
1068 831 1104 882 et
1119 821 1162 885 ei-

107 929 199 990 milia.
244 923 338 1003 Quod
355 925 388 984 in
407 925 469 984 fine
490 921 628 984 additum
646 934 705 1000 esi,
728 923 768 985 de
788 945 866 986 voce
886 916 999 1002 ποτ’ρα,
1020 919 1065 982 ad
1078 920 1163 984 Dio-

108 1029 270 1109 genianmn
284 1029 395 1088 referre
410 1048 473 1087 nou
492 1025 635 1104 cogimur.
678 1024 784 1109 Neque
795 1025 893 1087 audeo
907 1023 1163 1088 eumHemster-

107 1132 196 1192 husio
210 1129 250 1190 ad
263 1129 338 1190 Plut.
351 1150 382 1191 r.
395 1133 447 1192 33.
460 1149 594 1205 sumere,
616 1149 727 1189 rocem
745 1127 879 1201 πώννα,
900 1119 996 1206 λύπαι
1010 1126 1078 1186 hue
1099 1137 1164 1189 tre-

108 1231 245 1294 lrendum
260 1253 341 1319 esse:
365 1251 536 1316 quanquam
546 1228 689 1292 Albertus
701 1249 840 1291 assensus
853 1238 906 1290 esl.
941 1229 1053 1307 Longe
1069 1250 1165 1314 prae-

108 1338 174 1395 fero
188 1334 327 1421 Sopingii
340 1344 370 1394 et
381 1333 500 1394 Pauu’ii
511 1333 660 1393 rationem
677 1333 771 1416 praef.
787 1329 827 1391 ad
838 1329 949 1410 Phryn.
962 1351 991 1414 p.
999 1327 1055 1393 40.
1076 1390 1080 1395 .
1104 1330 1166 1394 His

108 1438 197 1517 igitur
216 1436 388 1521 disputaris,
409 1456 474 1495 reru
494 1455 557 1494 non
576 1434 648 1494 salis
667 1444 802 1493 accurate
822 1433 855 1493 in
870 1444 974 1494 nostro
994 1432 1166 1512 Hesychia

110 1560 280 1625 superesse,
311 1536 367 1599 sed
385 1539 504 1612 lorum,
533 1535 586 1595 ubi
607 1532 722 1594 dictum
737 1533 811 1611 suit,
840 1533 966 1596 iudicari
987 1555 1169 1622 posse-ap-

109 1651 202 1726 parel.
908 1696 910 1702 ,

191 1739 228 1801 lu
248 1739 297 1800 his
312 1749 412 1799 aurern
425 1736 563 1798 nondum
575 1737 645 1800 licet
658 1739 853 1823 acquiescere.
888 1740 1060 1826 Supersunt
1076 1742 1168 1805 enim

110 1845 143 1905 in
164 1841 376 1922 Elyuuologico
400 1841 514 1922 lllagno
539 1840 600 1900 loci
620 1838 703 1899 haut]
727 1843 829 1924 pauci,
851 1843 883 1903 in
908 1844 1015 1927 quibus
1041 1865 1169 1907 nomen

111 1944 293 2024 Diogeniani
306 1954 357 2003 aul
370 1954 493 2027 propter
507 1951 598 2003 noras
610 1943 866 2027 lachygraphicas,
889 1948 997 2029 quibus
1006 1944 1042 2004 in
1055 1948 1170 2009 nomi-

112 2049 201 2110 nibus
214 2049 247 2107 in
261 2065 341 2118 οινος
363 2045 542 2106 exeuntibus
554 2044 666 2105 librarii
679 2055 815 2122 utuntur,
839 2059 1011 2131 corruptum
1024 2058 1057 2107 et
1067 2050 1171 2112 nobis

112 2147 329 2210 restituendum
354 2157 412 2222 est,
440 2155 490 2207 aut
509 2147 567 2206 alia
596 2145 733 2208 eiusdem
756 2148 889 2210 nominis
915 2152 1014 2209 forma
1040 2162 1169 2229 regnat.

112 2249 179 2312 Iam
203 2251 335 2334 primmn
352 2270 381 2309 s.
397 2268 427 2308 v.
448 2241 560 2311 ἄνεται
581 2271 612 2333 p.
633 2247 708 2325 104,
731 2253 781 2312 39.
803 2251 878 2311 haee
896 2253 1037 2330 leguntur
1059 2246 1169 2338 ,ζΉᾶη

114 2349 175 2426 νὺξ
201 2347 331 2414 ἄνεται·
369 2351 564 2413 τελειοῦται·
593 2349 628 2414 ἐκ
658 2351 721 2414 τοῦ
750 2344 820 2414 ἄνω
846 2355 907 2416 τοῦ
937 2351 1170 2436 σημαίνοντος

114 2447 496 2531 τὸιιριὶττωιιαὶτελειῶ.
539 2450 735 2532 διογενία
756 2448 1059 2537 ιιοοςὲρχεταιιι
1082 2479 1168 2542 quae

114 2564 177 2613 lora
200 2556 299 2632 glossa
318 2575 338 2613 a.
354 2553 451 2614 lexico
481 2549 623 2615 Gudiano
647 2557 741 2616 abest.
790 2554 857 2618 Iam
874 2556 955 2620 Fu'd.
979 2557 1168 2640 Sylburgius

114 2650 216 2717 locum
241 2655 383 2732 lentavit,
410 2654 631 2740 legendumque
656 2657 838 2720 existimavit
861 2663 912 2722 rel
939 2658 1170 2741 Διογενιανός

115 2759 166 2818 rel
187 2753 363 2839 Διογένης,
384 2759 417 2818 in
436 2769 511 2819 nou.
532 2757 571 2819 ad
585 2757 688 2840 Elym.
706 2758 749 2820 ll.
762 2782 793 2844 p.
813 2761 859 2840 5.;
881 2777 1042 2849 nostraque
1061 2777 1169 2829 aetate

116 2857 251 2935 Baslius,
273 2860 523 2944 palaeographiae
541 2861 645 2943 perilia
664 2882 718 2922 sua
732 2860 837 2924 duetus
854 2867 986 2947 priorem
1005 2867 1171 2930 coniectu-

117 2982 183 3021 ram
199 2972 303 3044 praetu
317 2960 333 3039 Ἰ
373 2956 497 3039 dGreg.
512 2959 646 3022 Corinlh.
665 2984 694 3045 p.
710 2960 780 3024 242.
824 2963 880 3023 Ait
899 2967 988 3042 igilur
1005 2983 1174 3040 gramma.

116 3065 193 3124 tirus
222 2963 465 3144 „Armorum
485 3059 737 3140 αροςέρχεται,“
759 3062 780 3119 i.
795 3083 822 3121 e.
842 3063 965 3123 aceedit.
1008 3062 1044 3123 In
1055 3062 1172 3148 Hesy.

120 3165 187 3225 chio
209 3178 311 3226 autern
332 3164 496 3249 reperimus
525 3155 678 3238 ,ἄνετον
711 3153 845 3224 ἄνύεται
867 3161 923 3225 καὶ
945 3158 1170 3230 ιῖναλοῦται“θ

118 3265 352 3329 obiliernardus
374 3263 500 3323 coniecit
522 3308 539 3337 „
548 3259 601 3322 καὶ
624 3263 819 3341 τελειοῦται,
842 3279 1014 3352 eomparalo
1030 3265 1172 3348 Didymi

120 3369 244 3432 Scholia
264 3368 303 3430 ad
325 3363 410 3426 Iliad.
432 3363 471 3424 K.
493 3363 564 3425 251.
608 3362 686 3425 Eam
709 3358 914 3430 coniecturam
929 3372 998 3432 licet
1016 3390 1087 3429 cum
1100 3370 1170 3435 Al.

119 3472 204 3530 herto
229 3469 454 3551 improbemus,
484 3475 585 3526 lamen
610 3470 691 3528 nulla
716 3470 865 3530 molestia
881 3472 1062 3554 premimur,
1091 3477 1171 3556 quia

121 3564 255 3633 ἀνύεται
275 3588 381 3652 perse
404 3568 527 3644 suffieit,
555 3570 690 3652 aliaeque
713 3572 830 3647 glossae
849 3572 959 3634 eadem
975 3574 1092 3634 ratione
1106 3596 1171 3638 ex.

120 3673 280 3756 plicantur,
303 3662 381 3752 ἄνη,
413 3665 531 3744 ἄνυσις
554 3668 609 3732 καὶ
632 3667 764 3751 πρᾶξις,
792 3671 824 3749 Ι,
853 3697 883 3759 p.
908 3681 988 3754 373,
1003 3669 1169 3743 ,Ἀνοῖτψ

120 3767 273 3845 drumm,
299 3775 452 3834 selemim
474 3774 610 3834 esulae.
1055 3828 1056 3831 ,

207 3871 296 3950 Quae
310 3895 403 3957 quum
415 3875 457 3934 ita
472 3875 540 3950 sint,
563 3877 705 3939 ornnilms
725 3877 756 3936 in
773 3879 856 3956 loeis,
878 3879 910 3938 in
923 3877 1030 3961 quibus
1042 3874 1171 3958 Dioge-

120 3996 176 4040 nes
199 3988 398 4053 memorator,
434 3987 485 4036 aut
509 3976 618 4038 vitium
644 3981 768 4041 subesse
795 3991 826 4040 et
854 3980 949 4041 nostri
977 3979 1171 4058 Diogeniani
