2534 4644
160 258 205 335 d!

142 444 217 503 .eos
235 434 346 503 iaudat.
394 435 475 502 Rem
496 435 594 522 ipsam
613 458 678 502 non
701 426 801 524 ueg'03
826 431 973 504 rationem
992 448 1117 522 autem,
1147 462 1210 530 qua

162 553 231 628 post
250 543 319 604 illos
334 540 446 604 aixisse
464 536 586 618 dicittu,
607 540 717 605 iterum
733 544 892 628 impugno.
934 541 1051 605 Verum
1067 555 1120 607 est
1132 544 1211 630 qui-

163 644 250 723 dem,
271 652 432 725 autequam
450 637 584 702 Laertius
603 642 821 728 philosopham
840 644 998 706 historiam
1023 645 1212 730 scripsisset,

162 743 271 808 Sextus
297 737 376 805 δέκα
396 742 464 804 τῶν
485 743 666 805 σκεπτικῶν
694 743 838 808 ediderat.
889 742 953 806 Sed
982 745 1048 830 ipse
1062 770 1065 777 ⁴
1078 739 1213 831 quoque

161 844 224 908 iam
248 852 336 906 antea
352 841 569 925 epigrammata
592 845 705 905 fecerat
729 846 980 928 vulgaveratque3
1007 846 1085 908 nihil
1114 848 1212 926 igitm

24 1024 29 1033 Ι
162 955 265 1011 contra
280 958 338 1005 nos
352 952 480 1026 pugnat,
502 943 529 1005 si
543 964 597 1006 eos
620 947 760 1029 aequales
779 945 875 1006 fuisse
893 946 1055 1010 sumimus.
1098 944 1147 1012 At
1168 946 1213 1011 de

162 1047 228 1132 ipsa
240 1055 337 1107 aetate
350 1043 435 1106 Sexti
446 1043 592 1130 Empirici
611 1045 731 1108 lonsius
750 1048 811 1107 hoc
825 1044 924 1107 modo
937 1045 1084 1132 disputat:
1107 1048 1214 1128 „Ma-

163 1148 322 1229 gistrorum
340 1156 371 1207 et
388 1134 607 1231 discipulorum
624 1145 815 1232 quorumdam
831 1145 1068 1230 Pyrrhonionun
1080 1161 1113 1211 et
1127 1149 1216 1213 Em-

162 1248 324 1334 piriconun
350 1247 431 1309 hunc
453 1247 505 1309 dat
528 1245 677 1311 ordinem.
726 1246 917 1311 Antiochum
927 1248 1116 1312 ‘audiverunt
1134 1251 1216 1314 Me-

163 1348 296 1411 nodotus
315 1358 346 1410 et
363 1348 523 1426 Theudae,
545 1347 750 1413 Menodotum
770 1348 960 1428 Herodotus,
981 1349 1060 1410 hunc
1077 1350 1217 1432 Sextus,

163 1462 338 1538 praeceptor
351 1450 513 1513 Saturnini.
556 1449 620 1513 Sed
648 1448 783 1513 Galenus
807 1447 882 1530 περὶ
906 1443 1046 1515 iam
1073 1445 1220 1533 ἐμπειρ.

165 1575 256 1640 quem
273 1554 392 1614 iuvenis
409 1563 478 1615 ante
493 1571 609 1612 annum
629 1552 733 1612 aetatis
750 1550 927 1616 XXXVII.
946 1562 1084 1636 tempore
1098 1549 1219 1614 Anto-

164 1656 230 1716 nini
248 1653 428 1735 Philosophi
450 1652 581 1735 scripsit,
607 1653 662 1715 ubi
679 1649 849 1737 Empiricos
869 1663 1019 1731 recenset,
1048 1649 1219 1716 Menede-

163 1765 229 1816 tum
244 1764 275 1815 et
285 1751 448 1814 Theudam
458 1753 567 1813 ultimo
579 1753 730 1831 nominat,
752 1755 954 1837 posteriorum
972 1752 1102 1814 omnino
1116 1773 1218 1818 men-

164 1856 281 1917 tionem
291 1854 335 1915 ibi
346 1856 485 1930 sactums,
508 1853 534 1916 si
547 1853 672 1915 adoinus
684 1855 818 1915 nominis
829 1864 919 1937 atque
931 1856 1033 1915 famae
1046 1864 1116 1917 tum
1130 1859 1218 1922 fuis-

164 1965 250 2019 sent:
271 1965 306 2015 ut
329 1955 371 2015 ita
389 1953 526 2015 Laiirtius
544 1954 636 2037 paulo
656 1965 729 2040 post
746 1951 899 2018 Galenum
914 1954 1062 2034 floruerit,
1096 1969 1154 2019 aut
1174 1982 1218 2024 eo

164 2057 313 2121 timuere
330 2055 469 2121 uixerit.“
510 2052 556 2115 Ea
570 2066 673 2118 autem
694 2056 912 2135 argumentatio
930 2057 1063 2139 speciem
1080 2060 1219 2140 praebet

165 2154 333 2247 quandam,
360 2157 416 2221 sed
437 2178 501 2219 non
521 2158 641 2221 sufficit.
689 2156 884 2242 Sprengeiius
904 2157 988 2218 enim
1005 2156 1038 2216 iu
1052 2161 1218 2239 praeclara

166 2261 237 2326 artis
249 2257 420 2322 medicinae
431 2260 555 2320 historia
578 2257 618 2320 de
637 2259 779 2344 empirica
789 2257 979 2320 medicorum
990 2258 1098 2319 schola
1111 2258 1220 2326 diseo.

165 2364 251 2439 rens,
272 2357 343 2443 121).
358 2365 429 2424 699.
445 2379 528 2442 seqq.
550 2356 754 2423 Meuudotaun
771 2369 803 2421 et
818 2358 980 2421 Theudam
996 2358 1124 2422 ultimos
1144 2383 1221 2427 em.

165 2462 329 2546 pii-ieomm
349 2458 532 2536 nominavit,
561 2464 662 2543 neque
679 2469 833 2544 praeterea
864 2479 1048 2544 quemquam
1078 2460 1219 2532 addidit.

167 2560 277 2623 Sextus
305 2559 389 2621 enim
404 2557 589 2643 Empiricus,
621 2560 692 2621 licet
714 2559 899 2623 medicinam
927 2572 1023 2622 artem
1051 2568 1221 2647 professus

165 2663 220 2740 sit,
242 2673 347 2723 tamen
357 2670 403 2723 est
414 2671 538 2746 propter
547 2661 641 2724 libros
661 2663 786 2748 scriptos
806 2684 876 2725 cum
890 2661 1051 2726 Saturnino
1067 2668 1220 2749 philoso-

166 2763 235 2850 phis
252 2765 351 2844 magis
362 2760 590 2842 adnumeratus,
611 2774 671 2826 eta
686 2762 804 2829 Gale'uo
816 2767 849 2828 in
864 2767 941 2829 libro
961 2767 1029 2846 iilo,
1052 2788 1115 2850 quo
1134 2793 1222 2836 con·

166 2875 212 2927 tra
232 2864 370 2929 medicos
400 2867 576 2951 empiricos,
598 2868 650 2950 qui
668 2888 724 2951 pro
749 2866 902 2928 medicina
926 2868 1067 2950 empirica
1094 2870 1222 2956 aliquid

168 2979 417 3050 coruposuerunt,
438 2979 568 3052 pugnat,
589 2969 656 3029 iure
672 2979 703 3028 et
714 2969 840 3028 coneilio
852 2967 1087 3055 praetermissus.
1119 2968 1222 3037 Ordo

167 3077 271 3128 suumn
289 3065 401 3126 La'e'rtii
420 3087 589 3150 quanquam
613 3069 654 3127 ita
681 3077 870 3150 comparatus
893 3085 960 3126 esse
980 3062 1077 3126 videri
1096 3082 1219 3156 potest,

167 3177 203 3229 ut
220 3165 423 3230 Menodotum
449 3169 488 3228 ab
515 3177 613 3228 aetate
641 3165 727 3228 Sexti
746 3168 853 3251 procul
868 3186 1027 3228 removere
1045 3187 1218 3245 cogamurg

167 3280 272 3332 tamen
289 3271 399 3331 harum
416 3286 518 3327 rerum
537 3267 632 3352 periti
643 3289 707 3328 non
727 3265 780 3328 diu
802 3266 995 3346 dubitabunt,
1024 3268 1141 3354 quippe
1162 3278 1219 3360 qui

168 3369 267 3431 sciunt
286 3369 567 3453 philosophicarum
588 3371 761 3432 scholarum
784 3371 933 3432 rationein
961 3368 1044 3455 apud
1068 3372 1217 3457 antiquos

168 3489 238 3530 eam
250 3470 362 3547 facisse,
383 3490 441 3552 qua
454 3491 547 3556 saepe
569 3469 708 3555 discipuli
726 3483 757 3532 et
767 3482 976 3557 praeceptores
986 3470 1218 3539 eadem-aetate

169 3571 318 3634 vixenmt.
359 3568 461 3634 lmmo
475 3593 539 3633 nou
560 3592 629 3633 raro
649 3571 786 3658 discipuli
798 3575 1042 3659 praeceptoribus
1054 3583 1127 3632 natu
1142 3596 1217 3639 ma.

168 3671 249 3732 iores
268 3674 398 3737 fuerunt.
447 3671 537 3752 Quae
557 3673 681 3758 quidem
702 3695 751 3735 res
775 3696 835 3759 quo
861 3676 960 3755 magis
981 3673 1143 3760 perspicua
1166 3679 1215 3760 sit¹

170 3792 324 3858 apponam
347 3777 448 3836 locum
471 3797 510 3837 ex
531 3777 607 3838 libro
633 3771 790 3859 εἱςαγωγή
816 3771 839 3859 ἢ
866 3772 995 3858 ἰατρός,
1023 3775 1074 3859 qui
1099 3770 1217 3840 Galeni

164 3875 296 3953 ⁴tramine
319 3878 428 3955 fertur,
455 3888 611 3961 mmptum
637 3873 759 3955 „Metti
782 3880 921 3943 Φιλῖνον
948 3874 1074 3960 ἐγένετο
1098 3878 1218 3961 Zapa-

170 3973 256 4036 πίων
282 3969 526 4059 Ἀλεξανδρεύς,
553 3971 624 4043 εἶτα
648 3972 858 4045 Discutiunt
887 3974 950 4044 daia
970 3973 1075 4060 πατήρ
1098 3998 1133 4042 τε
1147 3978 1217 4045 sui
