2534 4644
158 465 262 546 Quare
279 468 312 528 in
326 468 374 529 his
387 490 508 552 quoque
529 470 629 546 legem
650 479 838 530 constantem
862 469 982 530 efficere
994 465 1122 546 studuit,
1145 473 1199 532 cfr.

159 569 316 632 Theodos.
329 591 437 631 canon.
450 591 481 654 p.
493 569 584 632 1005.
600 580 630 630 et
642 569 795 632 Choerob.
810 571 907 633 schol.
922 592 953 656 p.
964 570 1054 634 1256.
1069 570 1100 631 in
1115 569 1201 632 Bek-

158 672 223 734 leri
235 670 416 734 Anecdotis.
457 668 552 730 Adde
571 692 648 754 quae
660 672 843 734 tttatrhiaeus
861 671 1011 750 laudavit,
1034 671 1059 735 Ι.
1080 693 1114 757 p.
1128 678 1199 738 169.

44 792 54 813 ·
158 772 194 836 ln
214 773 369 855 Hesychia
395 771 524 851 legimus
550 767 654 835 θώων
677 771 751 836 Alb.
764 771 790 835 Ι.
807 795 838 857 p.
863 773 955 837 1758.
974 785 1005 835 et
1023 767 1199 838 udvcuul.

157 899 189 962 p.
203 859 275 938 85'5.
293 885 323 936 et
333 874 444 936 similia
461 874 541 936 alibi.
578 864 582 875 ’

242 973 384 1063 Denique
403 976 526 1055 πειρῶν
547 995 603 1060 pro
625 972 748 1058 πείρων
768 975 901 1060 scripsit:
935 974 991 1038 sed
1010 1000 1110 1064 neque
1129 980 1201 1040 reli-

92 1109 103 1125 κ
158 1078 225 1165 quis
244 1078 446 1158 grarmnaticis
468 1077 501 1138 id
519 1076 681 1162 persuasit,
713 1099 813 1163 neque
827 1089 861 1138 ut
877 1079 1058 1164 epitomator
1072 1078 1106 1140 id
1122 1080 1201 1141 reci-

157 1191 243 1266 peret
253 1191 357 1242 naeus
371 1191 426 1244 est.

243 1281 311 1346 Iam
323 1283 469 1366 quoniam
483 1281 587 1344 omnia
603 1281 810 1359 congessimus
829 1292 859 1341 et
872 1282 1103 1359 recensuimus,
1099 1248 1202 1366 quae-

150 1406 224 1446 rere
239 1405 418 1469 possumus,
443 1382 600 1468 quomodo
615 1385 730 1445 sachun
744 1382 796 1459 sit,
818 1394 852 1442 ut
865 1383 898 1443 in
910 1383 1108 1464 Hesychiano
1123 1385 1202 1444 lexi-

161 1509 197 1547 co
211 1487 288 1548 nihil
304 1500 455 1570 appareat.
476 1485 526 1547 Ac
539 1485 671 1570 primum
688 1483 813 1568 quidem
826 1481 865 1544 de
876 1484 1093 1568 glossographo
1108 1483 1202 1546 Pam-

159 1590 244 1675 philo
259 1587 341 1653 haud
358 1587 450 1650 dubie
467 1585 661 1667 cogitandum
678 1597 738 1664 est,
769 1587 839 1670 quia
858 1586 885 1647 is
899 1583 1112 1647 Aristarcheus
1125 1585 1203 1647 dici-

160 1703 220 1767 tur,
243 1703 274 1752 et
297 1692 508 1753 celeberrimus
529 1701 604 1767 erat,
627 1709 720 1772 quem
738 1690 841 1751 solum
863 1689 1039 1772 simpliciter
1053 1685 1203 1772 Pamphi-

160 1794 226 1853 lum
245 1792 403 1853 nominare
418 1803 566 1877 poterant.
609 1791 709 1852 Huius
725 1801 829 1871 autern
843 1810 938 1872 quum
960 1784 1055 1871 τέχνη
1071 1785 1203 1872 κριτική

161 1892 243 1978 apud
261 1893 389 1955 Suidam
415 1896 534 1972 citetur,
571 1914 636 1953 non
663 1895 768 1976 procul
789 1894 933 1953 absumus
958 1891 996 1952 ab
1019 1892 1202 1971 coniectura,

161 1995 265 2095 capania
281 1996 378 2056 talia
369 2019 402 2056 ιιι
424 2017 460 2058 ea
481 1997 575 2057 fuisse
589 1995 689 2056 obvia.
733 1992 796 2055 Sed
810 2013 983 2076 quanquam
1004 2013 1077 2054 vero
1093 1994 1127 2055 id
1136 2016 1202 2056 non

162 2079 208 2159 est
222 2094 382 2175 dissimile,
404 2109 507 2159 tamen
517 2098 550 2158 in
565 2097 663 2157 lexico
679 2116 767 2157 suam
779 2095 873 2179 ipsius
887 2091 1039 2156 scribendi
1050 2095 1201 2157 rationem

162 2210 317 2260 auctorem
336 2211 474 2261 secutum
495 2220 576 2275 esse,
606 2200 775 2260 necessario
790 2197 872 2258 sumi
894 2195 993 2257 debet.
1036 2194 1152 2258 Nullo
1142 2199 1204 2277 rgi-

161 2315 210 2363 tur
222 2303 346 2364 artificio
360 2323 377 2362 a
393 2321 498 2362 caussa
511 2299 639 2361 dicenda
652 2301 823 2363 liberamur.
866 2297 1009 2359 Primum*
1018 2309 1120 2359 autem
1131 2321 1203 2361 me-

161 2404 287 2466 minisse
313 2404 412 2480 iuvat,
443 2403 633 2484 Hesychium
652 2403 686 2464 in
706 2404 833 2488 epistola
856 2422 910 2463 sua
925 2420 960 2462 se
981 2399 1129 2461 scribendi
1147 2421 1202 2460 ra-

161 2505 278 2565 tionem
298 2503 465 2565 Herodiani
487 2516 660 2566 secuturum
680 2527 747 2567 esse
769 2503 912 2588 polliceri.
962 2500 1006 2564 Ita
1028 2501 1111 2562 enim
1129 2504 1202 2585 quis

162 2606 326 2682 mirabitur,
348 2605 374 2666 si
390 2625 436 2683 ea,
458 2626 536 2688 quae
551 2606 633 2690 apud
648 2607 842 2692 Pamphilum
856 2614 958 2664 contra
972 2588 1142 2664 Herodiani
1152 2625 1202 2665 ra-

122 2764 123 2769 ,
161 2707 261 2768 tiones
275 2705 353 2767 dicta
367 2718 459 2785 erant,
480 2709 690 2774 evanuerunt?
734 2707 878 2792 Suspicor
894 2704 982 2783 adeo,
1004 2725 1203 2791 quaecunque

93 2801 94 2804 ¹
161 2809 193 2870 in
212 2809 335 2870 scholiis
356 2809 527 2872 Homericis
555 2821 586 2870 et
606 2809 818 2891 Etymologico
842 2808 956 2886 Magno
981 2805 1020 2867 de
1039 2806 1201 2895 Pamphilo

163 2910 304 2987 citantur,
327 2913 365 2972 ab
379 2911 555 2973 Herodiano
570 2911 716 2996 producta
729 2933 795 2974 esse
809 2924 840 2973 et
851 2912 927 2972 huic·
935 2908 1039 2970 deberi
1059 2909 1127 2972 soli.
1157 2909 1202 2971 At

162 3011 265 3094 quaeri
277 3023 391 3095 potest,
414 3025 483 3074 ante
496 3013 687 3094 Hesychiurn
699 3034 776 3097 quae
794 3012 1003 3090 Diogenianus
1022 3013 1161 3074 omiserit
1171 3023 1202 3074 et

155 3113 340 3190 mutaverit,
361 3112 462 3198 idque,
477 3117 599 3176 nonnisi
621 3115 661 3178 de
676 3117 802 3178 consilio
816 3112 1000 3193 Diogeniani
1019 3115 1046 3175 si
1059 3115 1200 3177 certiores

136 3274 140 3280 ,
162 3213 234 3273 sacti
246 3233 366 3292 stunus,
388 3214 548 3276 decernere
560 3217 670 3278 licebit.

248 3311 344 3393 Quod
354 3317 386 3378 in
402 3315 518 3380 Graeca
533 3319 635 3397 lingua
648 3316 824 3402 Pamphilus
836 3317 956 3378 efficere
971 3313 1135 3394 studuerat,
1158 3327 1200 3391 ut,

162 3417 214 3500 qui
229 3419 341 3496 graecis
356 3419 548 3503 scriptoribus
563 3420 700 3504 inprimis
715 3418 815 3504 positis
829 3440 953 3504 operam
963 3417 1052 3480 suarh
1065 3430 1200 3496 navaret,

163 3539 270 3579 omnes
285 3539 377 3581 voces
395 3520 577 3582 difficiliores
598 3522 784 3604 rarioresque
804 3531 835 3581 et
848 3519 1092 3602 interpretatione
1107 3540 1202 3599 egen-

160 3624 209 3695 ψ
229 3622 368 3682 collectas
386 3624 525 3685 haberet:
561 3622 625 3683 id
616 3646 648 3684 ιιι
661 3624 768 3684 Latina
786 3619 895 3682 Sextus
908 3618 1072 3705 Pompeius
1092 3619 1203 3685 Festus

162 3704 312 3804 praestare
325 3725 431 3785 voluit.
476 3723 634 3808 Utriusque
650 3737 752 3786 autem
767 3721 917 3807 scriptoris
931 3724 998 3785 libri
1011 3722 1124 3785 eodem
1136 3727 1203 3786 fato

162 3821 211 3882 usi
224 3832 254 3881 et
266 3824 303 3884 ab
317 3825 381 3887 aliis
397 3826 529 3911 excerpti
542 3839 620 3904 sunt,
643 3837 676 3886 ut
689 3825 836 3886 hab'iliore
851 3828 949 3888 forma
967 3846 985 3886 a
997 3825 1142 3889 studrosrs
1157 3829 1204 3889 le-

163 3923 194 4002 gi
211 3937 350 4007 possent,
383 3928 439 3989 sed
450 3927 532 3990 Festi
544 3950 614 4014 pars
628 3926 779 4012 quaedam
793 3927 832 3990 ad
845 3941 979 3990 nostram
993 3937 1125 3989 aetatem
1136 3949 1205 3991 ser-

89 4041 92 4049 '
163 4034 233 4088 vata
251 4039 312 4104 est,
334 4026 511 4115 Pamphilus
528 4043 609 4093 totus
628 4031 774 4110 amissus3
806 4051 842 4091 ac
862 4028 1072 4110 Diogenianus
1091 4043 1207 4116 postea
