<?xml version="1.0" encoding="UTF-8"?>
<!DOCTYPE html PUBLIC "-//W3C//DTD XHTML 1.0 Transitional//EN"
    "http://www.w3.org/TR/xhtml1/DTD/xhtml1-transitional.dtd">
<html xmlns="http://www.w3.org/1999/xhtml" xml:lang="en" lang="en">
 <head>
  <title>
</title>
<meta http-equiv="Content-Type" content="text/html;charset=utf-8" />
  <meta name='ocr-system' content='tesseract 3.04.00' />
  <meta name='ocr-capabilities' content='ocr_page ocr_carea ocr_par ocr_line ocrx_word'/>
</head>
<body>
  <div class='ocr_page' id='page_1' title='image "./caroliferdinand00rankgoog_0075.png"; bbox 0 0 2534 4644; ppageno 0'>
   <div class='ocr_carea' id='block_1_1' title="bbox 156 268 202 333">
    <p class='ocr_par' dir='ltr' id='par_1_1' title="bbox 156 268 202 333">
     <span class='ocr_line' id='line_1_1' title="bbox 156 268 202 333; baseline 0 0"><span class='ocrx_word' id='word_1_1' title='bbox 156 268 202 333; x_wconf 75' lang='lat'><strong>04</strong></span> 
     </span>
    </p>
   </div>
   <div class='ocr_carea' id='block_1_2' title="bbox 27 429 1219 4062">
    <p class='ocr_par' dir='ltr' id='par_1_2' title="bbox 48 429 1218 1511">
     <span class='ocr_line' id='line_1_2' title="bbox 137 429 1209 524; baseline 0.001 -25"><span class='ocrx_word' id='word_1_2' title='bbox 137 433 211 524; x_wconf 83' lang='lat' dir='ltr'><strong>‚qui</strong></span> <span class='ocrx_word' id='word_1_3' title='bbox 229 434 293 498; x_wconf 92' lang='lat' dir='ltr'><strong>iam</strong></span> <span class='ocrx_word' id='word_1_4' title='bbox 311 443 400 499; x_wconf 83' lang='lat' dir='ltr'><strong>antea</strong></span> <span class='ocrx_word' id='word_1_5' title='bbox 413 429 570 497; x_wconf 84' lang='lat' dir='ltr'><strong>Hadriano</strong></span> <span class='ocrx_word' id='word_1_6' title='bbox 583 441 728 512; x_wconf 80' lang='lat' dir='ltr'><strong>regnante</strong></span> <span class='ocrx_word' id='word_1_7' title='bbox 742 429 918 512; x_wconf 81' lang='lat' dir='ltr'><strong>Diogenem</strong></span> <span class='ocrx_word' id='word_1_8' title='bbox 936 430 1050 496; x_wconf 75' lang='lat' dir='ltr'><strong>vixisse</strong></span> <span class='ocrx_word' id='word_1_9' title='bbox 1063 434 1209 500; x_wconf 64' lang='lat' dir='ltr'><strong>referret.</strong></span> 
     </span>
     <span class='ocr_line' id='line_1_3' title="bbox 158 532 1209 623; baseline -0.005 -22"><span class='ocrx_word' id='word_1_10' title='bbox 158 538 412 607; x_wconf 86' lang='lat' dir='ltr'><strong>Bartholomaeus</strong></span> <span class='ocrx_word' id='word_1_11' title='bbox 421 535 504 597; x_wconf 89' lang='lat' dir='ltr'><strong>enim</strong></span> <span class='ocrx_word' id='word_1_12' title='bbox 513 533 688 613; x_wconf 79' lang='lat' dir='ltr'><strong>Amantius,</strong></span> <span class='ocrx_word' id='word_1_13' title='bbox 707 532 871 623; x_wconf 85' lang='lat' dir='ltr'><strong>Florilegio</strong></span> <span class='ocrx_word' id='word_1_14' title='bbox 890 534 1120 611; x_wconf 85' lang='lat' dir='ltr'><strong>sententiarum,</strong></span> <span class='ocrx_word' id='word_1_15' title='bbox 1137 532 1209 596; x_wconf 64' lang='lat' dir='ltr'><strong>edi«</strong></span> 
     </span>
     <span class='ocr_line' id='line_1_4' title="bbox 70 633 1210 717; baseline -0.003 -16"><span class='ocrx_word' id='word_1_16' title='bbox 70 660 79 671; x_wconf 92' lang='lat'><strong>·</strong></span> <span class='ocrx_word' id='word_1_17' title='bbox 159 652 191 704; x_wconf 89' lang='lat' dir='ltr'><strong>to</strong></span> <span class='ocrx_word' id='word_1_18' title='bbox 204 639 344 717; x_wconf 87' lang='lat' dir='ltr'><strong>Dilingae</strong></span> <span class='ocrx_word' id='word_1_19' title='bbox 367 657 394 698; x_wconf 90' lang='lat' dir='ltr'><strong>a.</strong></span> <span class='ocrx_word' id='word_1_20' title='bbox 417 635 641 715; x_wconf 79' lang='lat' dir='ltr'><strong>1556,10nsto</strong></span> <span class='ocrx_word' id='word_1_21' title='bbox 663 647 827 715; x_wconf 86' lang='lat' dir='ltr'><strong>monente,</strong></span> <span class='ocrx_word' id='word_1_22' title='bbox 847 636 891 697; x_wconf 87' lang='lat' dir='ltr'><strong>ita</strong></span> <span class='ocrx_word' id='word_1_23' title='bbox 909 633 949 696; x_wconf 87' lang='lat' dir='ltr'><strong>de</strong></span> <span class='ocrx_word' id='word_1_24' title='bbox 961 645 1065 697; x_wconf 89' lang='lat' dir='ltr'><strong>nostro</strong></span> <span class='ocrx_word' id='word_1_25' title='bbox 1078 637 1210 699; x_wconf 77' lang='lat' dir='ltr'><strong>locutus</strong></span> 
     </span>
     <span class='ocr_line' id='line_1_5' title="bbox 159 736 1209 824; baseline -0.006 -22"><span class='ocrx_word' id='word_1_26' title='bbox 159 753 205 805; x_wconf 86' lang='lat' dir='ltr'><strong>est</strong></span> <span class='ocrx_word' id='word_1_27' title='bbox 225 737 387 818; x_wconf 86' lang='lat' dir='ltr'><strong>„La&#39;e&#39;rtius</strong></span> <span class='ocrx_word' id='word_1_28' title='bbox 398 736 554 815; x_wconf 79' lang='lat' dir='ltr'><strong>Diogenes</strong></span> <span class='ocrx_word' id='word_1_29' title='bbox 570 739 702 800; x_wconf 79' lang='lat' dir='ltr'><strong>servavit</strong></span> <span class='ocrx_word' id='word_1_30' title='bbox 721 750 903 824; x_wconf 89' lang='lat' dir='ltr'><strong>perpetuum</strong></span> <span class='ocrx_word' id='word_1_31' title='bbox 923 737 1076 799; x_wconf 85' lang='lat' dir='ltr'><strong>silentium</strong></span> <span class='ocrx_word' id='word_1_32' title='bbox 1097 756 1143 797; x_wconf 87' lang='lat' dir='ltr'><strong>ex</strong></span> <span class='ocrx_word' id='word_1_33' title='bbox 1157 757 1209 806; x_wconf 84' lang='lat' dir='ltr'><strong>eo,</strong></span> 
     </span>
     <span class='ocr_line' id='line_1_6' title="bbox 48 826 1210 989; baseline -0.002 -87"><span class='ocrx_word' id='word_1_34' title='bbox 48 826 125 989; x_wconf 37' lang='grc' dir='ltr'><strong><em>ἡ</em></strong></span> <span class='ocrx_word' id='word_1_35' title='bbox 158 839 242 927; x_wconf 87' lang='lat' dir='ltr'><strong>quod</strong></span> <span class='ocrx_word' id='word_1_36' title='bbox 266 839 355 900; x_wconf 89' lang='lat' dir='ltr'><strong>matri</strong></span> <span class='ocrx_word' id='word_1_37' title='bbox 379 860 418 900; x_wconf 87' lang='lat' dir='ltr'><strong>ex</strong></span> <span class='ocrx_word' id='word_1_38' title='bbox 440 839 505 900; x_wconf 86' lang='lat' dir='ltr'><strong>eius</strong></span> <span class='ocrx_word' id='word_1_39' title='bbox 529 860 670 903; x_wconf 83' lang='lat' dir='ltr'><strong>sermone</strong></span> <span class='ocrx_word' id='word_1_40' title='bbox 692 862 726 903; x_wconf 88' lang='lat' dir='ltr'><strong>ac</strong></span> <span class='ocrx_word' id='word_1_41' title='bbox 744 841 910 903; x_wconf 87' lang='lat' dir='ltr'><strong>tentatione</strong></span> <span class='ocrx_word' id='word_1_42' title='bbox 919 844 1010 900; x_wconf 75' lang='lat' dir='ltr'><strong>&#39;mors</strong></span> <span class='ocrx_word' id='word_1_43' title='bbox 1032 836 1210 914; x_wconf 85' lang='lat' dir='ltr'><strong>accidisset,</strong></span> 
     </span>
     <span class='ocr_line' id='line_1_7' title="bbox 125 932 1212 1026; baseline -0.004 -19.237"><span class='ocrx_word' id='word_1_44' title='bbox 125 972 134 979; x_wconf 95' lang='lat'><strong>··</strong></span> <span class='ocrx_word' id='word_1_45' title='bbox 157 944 214 1007; x_wconf 85' lang='lat' dir='ltr'><strong>tt&#39;ec</strong></span> <span class='ocrx_word' id='word_1_46' title='bbox 232 941 319 1002; x_wconf 92' lang='lat' dir='ltr'><strong>illum</strong></span> <span class='ocrx_word' id='word_1_47' title='bbox 341 939 512 1002; x_wconf 82' lang='lat' dir='ltr'><strong>Hadrianus</strong></span> <span class='ocrx_word' id='word_1_48' title='bbox 526 941 691 1025; x_wconf 88' lang='lat' dir='ltr'><strong>imperator</strong></span> <span class='ocrx_word' id='word_1_49' title='bbox 711 932 961 1026; x_wconf 86' lang='lat' dir='ltr'><strong>adloquendum</strong></span> <span class='ocrx_word' id='word_1_50' title='bbox 981 938 1075 1015; x_wconf 80' lang='lat' dir='ltr'><strong>etiam</strong></span> <span class='ocrx_word' id='word_1_51' title='bbox 1095 940 1212 1024; x_wconf 82' lang='lat' dir='ltr'><strong>capitis</strong></span> 
     </span>
     <span class='ocr_line' id='line_1_8' title="bbox 158 1039 1213 1130; baseline -0.004 -24"><span class='ocrx_word' id='word_1_52' title='bbox 158 1063 259 1130; x_wconf 88' lang='lat' dir='ltr'><strong>poena</strong></span> <span class='ocrx_word' id='word_1_53' title='bbox 271 1041 383 1103; x_wconf 89' lang='lat' dir='ltr'><strong>indicta</strong></span> <span class='ocrx_word' id='word_1_54' title='bbox 399 1062 594 1104; x_wconf 79' lang='lat' dir='ltr'><strong>commovere</strong></span> <span class='ocrx_word' id='word_1_55' title='bbox 607 1042 721 1126; x_wconf 88' lang='lat' dir='ltr'><strong>potuit:</strong></span> <span class='ocrx_word' id='word_1_56' title='bbox 744 1043 835 1104; x_wconf 87' lang='lat' dir='ltr'><strong>cuius-</strong></span> <span class='ocrx_word' id='word_1_57' title='bbox 848 1041 1050 1104; x_wconf 74' lang='lat' dir='ltr'><strong>constantiam</strong></span> <span class='ocrx_word' id='word_1_58' title='bbox 1066 1039 1213 1109; x_wconf 69' lang='lat' dir='ltr'><strong>admira,-</strong></span> 
     </span>
     <span class='ocr_line' id='line_1_9' title="bbox 158 1140 1214 1230; baseline -0.002 -23"><span class='ocrx_word' id='word_1_59' title='bbox 158 1157 207 1207; x_wconf 88' lang='lat' dir='ltr'><strong>tus</strong></span> <span class='ocrx_word' id='word_1_60' title='bbox 226 1143 379 1230; x_wconf 87' lang='lat' dir='ltr'><strong>pepercit“</strong></span> <span class='ocrx_word' id='word_1_61' title='bbox 400 1144 467 1204; x_wconf 77' lang='lat' dir='ltr'><strong>cet&#39;t.</strong></span> <span class='ocrx_word' id='word_1_62' title='bbox 512 1140 575 1204; x_wconf 87' lang='lat' dir='ltr'><strong>Sed</strong></span> <span class='ocrx_word' id='word_1_63' title='bbox 588 1140 698 1203; x_wconf 89' lang='lat' dir='ltr'><strong>eadem</strong></span> <span class='ocrx_word' id='word_1_64' title='bbox 715 1145 752 1205; x_wconf 89' lang='lat' dir='ltr'><strong>ab</strong></span> <span class='ocrx_word' id='word_1_65' title='bbox 771 1144 837 1207; x_wconf 88' lang='lat' dir='ltr'><strong>aliis</strong></span> <span class='ocrx_word' id='word_1_66' title='bbox 849 1142 889 1206; x_wconf 88' lang='lat' dir='ltr'><strong>de</strong></span> <span class='ocrx_word' id='word_1_67' title='bbox 904 1142 1047 1207; x_wconf 90' lang='lat' dir='ltr'><strong>Secundo</strong></span> <span class='ocrx_word' id='word_1_68' title='bbox 1059 1144 1214 1227; x_wconf 57' lang='lat' dir='ltr'><strong>philosoa</strong></span> 
     </span>
     <span class='ocr_line' id='line_1_10' title="bbox 157 1241 1215 1332; baseline -0.003 -24"><span class='ocrx_word' id='word_1_69' title='bbox 157 1249 222 1332; x_wconf 93' lang='lat' dir='ltr'><strong>pho</strong></span> <span class='ocrx_word' id='word_1_70' title='bbox 239 1256 420 1307; x_wconf 81' lang='lat' dir='ltr'><strong>enarrantur.</strong></span> <span class='ocrx_word' id='word_1_71' title='bbox 464 1242 609 1318; x_wconf 86' lang='lat' dir='ltr'><strong>Ututest,</strong></span> <span class='ocrx_word' id='word_1_72' title='bbox 631 1241 663 1303; x_wconf 93' lang='lat' dir='ltr'><strong>id</strong></span> <span class='ocrx_word' id='word_1_73' title='bbox 676 1265 797 1329; x_wconf 90' lang='lat' dir='ltr'><strong>quoque</strong></span> <span class='ocrx_word' id='word_1_74' title='bbox 811 1243 977 1307; x_wconf 83' lang='lat' dir='ltr'><strong>Amantius</strong></span> <span class='ocrx_word' id='word_1_75' title='bbox 987 1245 1041 1309; x_wconf 77' lang='lat' dir='ltr'><strong>vix</strong></span> <span class='ocrx_word' id='word_1_76' title='bbox 1057 1245 1215 1305; x_wconf 74' lang='lat' dir='ltr'><strong>commit-</strong></span> 
     </span>
     <span class='ocr_line' id='line_1_11' title="bbox 158 1342 1218 1432; baseline -0.006 -23"><span class='ocrx_word' id='word_1_77' title='bbox 158 1360 221 1410; x_wconf 84' lang='lat' dir='ltr'><strong>tere</strong></span> <span class='ocrx_word' id='word_1_78' title='bbox 235 1347 335 1432; x_wconf 86' lang='lat' dir='ltr'><strong>potuit</strong></span> <span class='ocrx_word' id='word_1_79' title='bbox 346 1347 470 1422; x_wconf 78' lang='lat' dir='ltr'><strong>vitium,</strong></span> <span class='ocrx_word' id='word_1_80' title='bbox 491 1345 551 1406; x_wconf 90' lang='lat' dir='ltr'><strong>nisi</strong></span> <span class='ocrx_word' id='word_1_81' title='bbox 562 1342 671 1406; x_wconf 88' lang='lat' dir='ltr'><strong>eadem</strong></span> <span class='ocrx_word' id='word_1_82' title='bbox 689 1357 771 1408; x_wconf 86' lang='lat' dir='ltr'><strong>aetas</strong></span> <span class='ocrx_word' id='word_1_83' title='bbox 787 1367 826 1408; x_wconf 88' lang='lat' dir='ltr'><strong>ex</strong></span> <span class='ocrx_word' id='word_1_84' title='bbox 840 1345 905 1408; x_wconf 84' lang='lat' dir='ltr'><strong>eius</strong></span> <span class='ocrx_word' id='word_1_85' title='bbox 920 1345 1066 1408; x_wconf 86' lang='lat' dir='ltr'><strong>sententia</strong></span> <span class='ocrx_word' id='word_1_86' title='bbox 1079 1343 1218 1407; x_wconf 65' lang='lat' dir='ltr'><strong>Secun,</strong></span> 
     </span>
     <span class='ocr_line' id='line_1_12' title="bbox 160 1445 582 1511; baseline -0.012 0"><span class='ocrx_word' id='word_1_87' title='bbox 160 1449 235 1511; x_wconf 91' lang='lat' dir='ltr'><strong>dum</strong></span> <span class='ocrx_word' id='word_1_88' title='bbox 249 1460 279 1510; x_wconf 89' lang='lat' dir='ltr'><strong>ct</strong></span> <span class='ocrx_word' id='word_1_89' title='bbox 290 1445 444 1509; x_wconf 82' lang='lat' dir='ltr'><strong>La&#39;e‘rtium</strong></span> <span class='ocrx_word' id='word_1_90' title='bbox 458 1447 582 1508; x_wconf 84' lang='lat' dir='ltr'><strong>tulisset.</strong></span> 
     </span>
    </p>

    <p class='ocr_par' dir='ltr' id='par_1_3' title="bbox 38 1545 1218 2145">
     <span class='ocr_line' id='line_1_13' title="bbox 244 1545 1218 1633; baseline 0 -23"><span class='ocrx_word' id='word_1_91' title='bbox 244 1548 297 1610; x_wconf 90' lang='lat' dir='ltr'><strong>Ab</strong></span> <span class='ocrx_word' id='word_1_92' title='bbox 319 1559 415 1608; x_wconf 86' lang='lat' dir='ltr'><strong>aetate</strong></span> <span class='ocrx_word' id='word_1_93' title='bbox 428 1546 558 1629; x_wconf 90' lang='lat' dir='ltr'><strong>denique</strong></span> <span class='ocrx_word' id='word_1_94' title='bbox 574 1545 614 1607; x_wconf 88' lang='lat' dir='ltr'><strong>ad</strong></span> <span class='ocrx_word' id='word_1_95' title='bbox 625 1546 684 1610; x_wconf 79' lang='lat' dir='ltr'><strong>viri</strong></span> <span class='ocrx_word' id='word_1_96' title='bbox 697 1548 806 1633; x_wconf 88' lang='lat' dir='ltr'><strong>scripta</strong></span> <span class='ocrx_word' id='word_1_97' title='bbox 822 1545 1043 1611; x_wconf 86' lang='lat' dir='ltr'><strong>descendimus.</strong></span> <span class='ocrx_word' id='word_1_98' title='bbox 1084 1545 1218 1610; x_wconf 85' lang='lat' dir='ltr'><strong>Hacte-</strong></span> 
     </span>
     <span class='ocr_line' id='line_1_14' title="bbox 161 1643 1217 1731; baseline -0.002 -16.209"><span class='ocrx_word' id='word_1_99' title='bbox 161 1676 218 1715; x_wconf 91' lang='lat' dir='ltr'><strong>nus</strong></span> <span class='ocrx_word' id='word_1_100' title='bbox 232 1671 310 1710; x_wconf 84' lang='lat' dir='ltr'><strong>1mus</strong></span> <span class='ocrx_word' id='word_1_101' title='bbox 328 1659 450 1708; x_wconf 89' lang='lat' dir='ltr'><strong>tantum.</strong></span> <span class='ocrx_word' id='word_1_102' title='bbox 464 1648 530 1719; x_wconf 83' lang='lat' dir='ltr'><strong>eius</strong></span> <span class='ocrx_word' id='word_1_103' title='bbox 545 1647 623 1708; x_wconf 90' lang='lat' dir='ltr'><strong>liber</strong></span> <span class='ocrx_word' id='word_1_104' title='bbox 640 1659 731 1711; x_wconf 88' lang='lat' dir='ltr'><strong>notus</strong></span> <span class='ocrx_word' id='word_1_105' title='bbox 752 1652 844 1727; x_wconf 81' lang='lat' dir='ltr'><strong>erat,&#39;</strong></span> <span class='ocrx_word' id='word_1_106' title='bbox 860 1643 1049 1731; x_wconf 75' lang='grc' dir='ltr'><strong><em>φιλόσοφος</em></strong></span> <span class='ocrx_word' id='word_1_107' title='bbox 1070 1645 1217 1730; x_wconf 73' lang='grc' dir='ltr'><strong><em>ἱστορία</em></strong></span> 
     </span>
     <span class='ocr_line' id='line_1_15' title="bbox 160 1741 1215 1836; baseline -0.003 -20"><span class='ocrx_word' id='word_1_108' title='bbox 160 1764 191 1817; x_wconf 89' lang='lat' dir='ltr'><strong>et</strong></span> <span class='ocrx_word' id='word_1_109' title='bbox 211 1741 582 1836; x_wconf 76' lang='lat' dir='ltr'><strong>praeterearra‘rpperpov.</strong></span> <span class='ocrx_word' id='word_1_110' title='bbox 630 1748 717 1813; x_wconf 91' lang='lat' dir='ltr'><strong>Nunc</strong></span> <span class='ocrx_word' id='word_1_111' title='bbox 736 1752 855 1813; x_wconf 81' lang='lat' dir='ltr'><strong>sivero</strong></span> <span class='ocrx_word' id='word_1_112' title='bbox 881 1762 962 1811; x_wconf 89' lang='lat' dir='ltr'><strong>esset</strong></span> <span class='ocrx_word' id='word_1_113' title='bbox 989 1749 1172 1812; x_wconf 87' lang='lat' dir='ltr'><strong>coniectura</strong></span> <span class='ocrx_word' id='word_1_114' title='bbox 1195 1773 1215 1813; x_wconf 93' lang='lat' dir='ltr'><strong>a</strong></span> 
     </span>
     <span class='ocr_line' id='line_1_16' title="bbox 159 1848 1215 1936; baseline 0 -21"><span class='ocrx_word' id='word_1_115' title='bbox 159 1875 211 1915; x_wconf 92' lang='lat' dir='ltr'><strong>me</strong></span> <span class='ocrx_word' id='word_1_116' title='bbox 232 1850 398 1936; x_wconf 81' lang='lat' dir='ltr'><strong>proposita,</strong></span> <span class='ocrx_word' id='word_1_117' title='bbox 409 1852 495 1934; x_wconf 90' lang='lat' dir='ltr'><strong>plura</strong></span> <span class='ocrx_word' id='word_1_118' title='bbox 515 1849 630 1911; x_wconf 86' lang='lat' dir='ltr'><strong>addere</strong></span> <span class='ocrx_word' id='word_1_119' title='bbox 649 1852 763 1912; x_wconf 88' lang='lat' dir='ltr'><strong>liceret.</strong></span> <span class='ocrx_word' id='word_1_120' title='bbox 802 1848 852 1910; x_wconf 90' lang='lat' dir='ltr'><strong>Ac</strong></span> <span class='ocrx_word' id='word_1_121' title='bbox 867 1871 941 1912; x_wconf 91' lang='lat' dir='ltr'><strong>sane</strong></span> <span class='ocrx_word' id='word_1_122' title='bbox 961 1851 1024 1911; x_wconf 87' lang='lat' dir='ltr'><strong>iam</strong></span> <span class='ocrx_word' id='word_1_123' title='bbox 1038 1849 1215 1930; x_wconf 86' lang='lat' dir='ltr'><strong>lllenagius</strong></span> 
     </span>
     <span class='ocr_line' id='line_1_17' title="bbox 152 1949 1217 2037; baseline -0.004 -18"><span class='ocrx_word' id='word_1_124' title='bbox 152 1966 200 2019; x_wconf 74' lang='lat' dir='ltr'><strong>‘ex</strong></span> <span class='ocrx_word' id='word_1_125' title='bbox 213 1953 329 2016; x_wconf 78' lang='lat' dir='ltr'><strong>Lae‘rtii</strong></span> <span class='ocrx_word' id='word_1_126' title='bbox 337 1952 433 2035; x_wconf 90' lang='lat' dir='ltr'><strong>ipsius</strong></span> <span class='ocrx_word' id='word_1_127' title='bbox 452 1952 555 2013; x_wconf 81' lang='lat' dir='ltr'><strong>verbis</strong></span> <span class='ocrx_word' id='word_1_128' title='bbox 572 1949 618 2028; x_wconf 87' lang='lat'><strong>11,</strong></span> <span class='ocrx_word' id='word_1_129' title='bbox 640 1949 690 2013; x_wconf 87' lang='grc'><strong>65.</strong></span> <span class='ocrx_word' id='word_1_130' title='bbox 711 1952 886 2029; x_wconf 86' lang='lat' dir='ltr'><strong>collegerat,</strong></span> <span class='ocrx_word' id='word_1_131' title='bbox 908 1973 981 2013; x_wconf 87' lang='lat' dir='ltr'><strong>eum</strong></span> <span class='ocrx_word' id='word_1_132' title='bbox 1001 1952 1059 2012; x_wconf 87' lang='lat' dir='ltr'><strong>alia</strong></span> <span class='ocrx_word' id='word_1_133' title='bbox 1080 1974 1217 2037; x_wconf 90' lang='lat' dir='ltr'><strong>quoque</strong></span> 
     </span>
     <span class='ocr_line' id='line_1_18' title="bbox 150 2045 1216 2145; baseline 0.001 -29"><span class='ocrx_word' id='word_1_134' title='bbox 150 2050 385 2145; x_wconf 51' lang='lat' dir='ltr'><strong>{proposuisse</strong></span> <span class='ocrx_word' id='word_1_135' title='bbox 416 2045 675 2131; x_wconf 63' lang='lat' dir='ltr'><strong>„deivillare</strong></span> <span class='ocrx_word' id='word_1_136' title='bbox 703 2046 913 2136; x_wconf 75' lang='grc' dir='ltr'><strong>εἰρήκαμεν.“</strong></span> <span class='ocrx_word' id='word_1_137' title='bbox 955 2051 1079 2116; x_wconf 80' lang='lat' dir='ltr'><strong>Certum</strong></span> <span class='ocrx_word' id='word_1_138' title='bbox 1100 2063 1216 2117; x_wconf 87' lang='lat' dir='ltr'><strong>tamen</strong></span> 
     </span>
    </p>

    <p class='ocr_par' dir='ltr' id='par_1_4' title="bbox 27 2140 1219 4062">
     <span class='ocr_line' id='line_1_19' title="bbox 142 2140 739 2223; baseline 0 -6"><span class='ocrx_word' id='word_1_139' title='bbox 142 2140 229 2223; x_wconf 69' lang='lat' dir='ltr'><strong>iiiii</strong></span> <span class='ocrx_word' id='word_1_140' title='bbox 238 2156 360 2217; x_wconf 89' lang='lat' dir='ltr'><strong>titulum</strong></span> <span class='ocrx_word' id='word_1_141' title='bbox 374 2153 495 2216; x_wconf 82' lang='lat' dir='ltr'><strong>aliunde</strong></span> <span class='ocrx_word' id='word_1_142' title='bbox 509 2175 574 2214; x_wconf 91' lang='lat' dir='ltr'><strong>non</strong></span> <span class='ocrx_word' id='word_1_143' title='bbox 586 2153 739 2217; x_wconf 84' lang='lat' dir='ltr'><strong>novimus.</strong></span> 
     </span>
     <span class='ocr_line' id='line_1_20' title="bbox 244 2253 1219 2340; baseline 0.001 -22.93"><span class='ocrx_word' id='word_1_144' title='bbox 244 2257 301 2319; x_wconf 82' lang='lat' dir='ltr'><strong>His</strong></span> <span class='ocrx_word' id='word_1_145' title='bbox 317 2257 479 2340; x_wconf 87' lang='lat' dir='ltr'><strong>expositis,</strong></span> <span class='ocrx_word' id='word_1_146' title='bbox 500 2254 626 2319; x_wconf 91' lang='lat' dir='ltr'><strong>tandem</strong></span> <span class='ocrx_word' id='word_1_147' title='bbox 647 2254 809 2340; x_wconf 88' lang='lat' dir='ltr'><strong>aliquando</strong></span> <span class='ocrx_word' id='word_1_148' title='bbox 831 2253 871 2317; x_wconf 88' lang='lat' dir='ltr'><strong>ad</strong></span> <span class='ocrx_word' id='word_1_149' title='bbox 881 2266 1019 2318; x_wconf 87' lang='lat' dir='ltr'><strong>nostrum</strong></span> <span class='ocrx_word' id='word_1_150' title='bbox 1032 2254 1219 2338; x_wconf 68' lang='lat' dir='ltr'><strong>lexicogra-</strong></span> 
     </span>
     <span class='ocr_line' id='line_1_21' title="bbox 159 2356 1219 2445; baseline -0.001 -24"><span class='ocrx_word' id='word_1_151' title='bbox 159 2358 259 2445; x_wconf 89' lang='lat' dir='ltr'><strong>phum</strong></span> <span class='ocrx_word' id='word_1_152' title='bbox 271 2357 457 2419; x_wconf 83' lang='lat' dir='ltr'><strong>revertimur.</strong></span> <span class='ocrx_word' id='word_1_153' title='bbox 501 2356 551 2418; x_wconf 86' lang='lat' dir='ltr'><strong>Ac</strong></span> <span class='ocrx_word' id='word_1_154' title='bbox 564 2360 697 2442; x_wconf 90' lang='lat' dir='ltr'><strong>primum</strong></span> <span class='ocrx_word' id='word_1_155' title='bbox 714 2357 838 2442; x_wconf 91' lang='lat' dir='ltr'><strong>quidem</strong></span> <span class='ocrx_word' id='word_1_156' title='bbox 853 2359 891 2418; x_wconf 89' lang='lat' dir='ltr'><strong>ab</strong></span> <span class='ocrx_word' id='word_1_157' title='bbox 913 2378 969 2434; x_wconf 89' lang='lat' dir='ltr'><strong>eo,</strong></span> <span class='ocrx_word' id='word_1_158' title='bbox 995 2379 1089 2441; x_wconf 88' lang='lat' dir='ltr'><strong>quem</strong></span> <span class='ocrx_word' id='word_1_159' title='bbox 1102 2359 1219 2444; x_wconf 72' lang='lat' dir='ltr'><strong>Hesy-</strong></span> 
     </span>
     <span class='ocr_line' id='line_1_22' title="bbox 160 2455 1218 2542; baseline 0.002 -22"><span class='ocrx_word' id='word_1_160' title='bbox 160 2460 248 2520; x_wconf 80' lang='lat' dir='ltr'><strong>chius</strong></span> <span class='ocrx_word' id='word_1_161' title='bbox 269 2455 455 2533; x_wconf 82' lang='lat' dir='ltr'><strong>nominavit,</strong></span> <span class='ocrx_word' id='word_1_162' title='bbox 482 2458 581 2519; x_wconf 84' lang='lat' dir='ltr'><strong>forma</strong></span> <span class='ocrx_word' id='word_1_163' title='bbox 609 2458 743 2520; x_wconf 86' lang='lat' dir='ltr'><strong>nominis</strong></span> <span class='ocrx_word' id='word_1_164' title='bbox 763 2456 882 2518; x_wconf 84' lang='lat' dir='ltr'><strong>differre</strong></span> <span class='ocrx_word' id='word_1_165' title='bbox 904 2456 1038 2536; x_wconf 83' lang='lat' dir='ltr'><strong>videtur,</strong></span> <span class='ocrx_word' id='word_1_166' title='bbox 1060 2461 1138 2542; x_wconf 82' lang='lat' dir='ltr'><strong>quia</strong></span> <span class='ocrx_word' id='word_1_167' title='bbox 1161 2465 1218 2528; x_wconf 81' lang='lat' dir='ltr'><strong>ille</strong></span> 
     </span>
     <span class='ocr_line' id='line_1_23' title="bbox 152 2551 1219 2645; baseline 0 -24"><span class='ocrx_word' id='word_1_168' title='bbox 152 2551 374 2636; x_wconf 75' lang='grc' dir='ltr'><strong><em>Διογενιανός</em></strong></span> <span class='ocrx_word' id='word_1_169' title='bbox 394 2556 525 2640; x_wconf 87' lang='lat' dir='ltr'><strong>simplici</strong></span> <span class='ocrx_word' id='word_1_170' title='bbox 544 2578 572 2637; x_wconf 84' lang='grc' dir='ltr'><strong>ι,</strong></span> <span class='ocrx_word' id='word_1_171' title='bbox 593 2560 643 2620; x_wconf 92' lang='lat' dir='ltr'><strong>hic</strong></span> <span class='ocrx_word' id='word_1_172' title='bbox 661 2552 894 2640; x_wconf 80' lang='grc' dir='ltr'><strong><em>Διογενειανός</em></strong></span> <span class='ocrx_word' id='word_1_173' title='bbox 914 2563 1092 2645; x_wconf 87' lang='lat' dir='ltr'><strong>appellatur.</strong></span> <span class='ocrx_word' id='word_1_174' title='bbox 1137 2564 1219 2629; x_wconf 74' lang='lat' dir='ltr'><strong>An.</strong></span> 
     </span>
     <span class='ocr_line' id='line_1_24' title="bbox 152 2655 1217 2747; baseline 0.01 -27"><span class='ocrx_word' id='word_1_175' title='bbox 152 2670 284 2742; x_wconf 82' lang='lat' dir='ltr'><strong>tequam</strong></span> <span class='ocrx_word' id='word_1_176' title='bbox 296 2655 393 2718; x_wconf 88' lang='lat' dir='ltr'><strong>Bastii</strong></span> <span class='ocrx_word' id='word_1_177' title='bbox 409 2661 698 2725; x_wconf 85' lang='lat' dir='ltr'><strong>commentationem</strong></span> <span class='ocrx_word' id='word_1_178' title='bbox 717 2666 865 2743; x_wconf 86' lang='lat' dir='ltr'><strong>legeram,</strong></span> <span class='ocrx_word' id='word_1_179' title='bbox 888 2665 1065 2746; x_wconf 72' lang='lat' dir='ltr'><strong>quaglossa</strong></span> <span class='ocrx_word' id='word_1_180' title='bbox 1078 2685 1217 2747; x_wconf 83' lang='lat' dir='ltr'><strong>praece·</strong></span> 
     </span>
     <span class='ocr_line' id='line_1_25' title="bbox 162 2750 1217 2850; baseline 0.012 -30"><span class='ocrx_word' id='word_1_181' title='bbox 162 2758 237 2821; x_wconf 91' lang='lat' dir='ltr'><strong>dens</strong></span> <span class='ocrx_word' id='word_1_182' title='bbox 251 2750 411 2841; x_wconf 75' lang='grc' dir='ltr'><strong><em>Διογενής</em></strong></span> <span class='ocrx_word' id='word_1_183' title='bbox 431 2758 465 2820; x_wconf 89' lang='lat' dir='ltr'><strong>in</strong></span> <span class='ocrx_word' id='word_1_184' title='bbox 479 2759 649 2844; x_wconf 70' lang='grc' dir='ltr'><strong><em>Διογενὲς,</em></strong></span> <span class='ocrx_word' id='word_1_185' title='bbox 672 2766 776 2828; x_wconf 89' lang='lat' dir='ltr'><strong>codice</strong></span> <span class='ocrx_word' id='word_1_186' title='bbox 792 2766 954 2829; x_wconf 88' lang='lat' dir='ltr'><strong>Parisiensi</strong></span> <span class='ocrx_word' id='word_1_187' title='bbox 972 2764 1048 2826; x_wconf 93' lang='lat' dir='ltr'><strong>duce</strong></span> <span class='ocrx_word' id='word_1_188' title='bbox 1061 2779 1217 2850; x_wconf 87' lang='lat' dir='ltr'><strong>mutatur,</strong></span> 
     </span>
     <span class='ocr_line' id='line_1_26' title="bbox 161 2859 1217 2953; baseline 0.009 -31"><span class='ocrx_word' id='word_1_189' title='bbox 161 2861 194 2924; x_wconf 94' lang='lat' dir='ltr'><strong>in</strong></span> <span class='ocrx_word' id='word_1_190' title='bbox 208 2861 320 2922; x_wconf 89' lang='lat' dir='ltr'><strong>Suidae</strong></span> <span class='ocrx_word' id='word_1_191' title='bbox 344 2859 464 2924; x_wconf 88' lang='lat' dir='ltr'><strong>codices</strong></span> <span class='ocrx_word' id='word_1_192' title='bbox 485 2864 594 2927; x_wconf 74' lang='lat' dir='ltr'><strong>vitium</strong></span> <span class='ocrx_word' id='word_1_193' title='bbox 614 2867 768 2953; x_wconf 89' lang='lat' dir='ltr'><strong>irrepsisse</strong></span> <span class='ocrx_word' id='word_1_194' title='bbox 791 2867 979 2951; x_wconf 82' lang='lat' dir='ltr'><strong>suspicabar3</strong></span> <span class='ocrx_word' id='word_1_195' title='bbox 1001 2866 1070 2947; x_wconf 87' lang='lat' dir='ltr'><strong>quia</strong></span> <span class='ocrx_word' id='word_1_196' title='bbox 1092 2866 1217 2935; x_wconf 82' lang='lat' dir='ltr'><strong>Suidas</strong></span> 
     </span>
     <span class='ocr_line' id='line_1_27' title="bbox 162 2963 1217 3047; baseline 0.003 -23"><span class='ocrx_word' id='word_1_197' title='bbox 162 2975 298 3025; x_wconf 85' lang='lat' dir='ltr'><strong>accurate</strong></span> <span class='ocrx_word' id='word_1_198' title='bbox 308 2965 441 3047; x_wconf 89' lang='lat' dir='ltr'><strong>sequitur</strong></span> <span class='ocrx_word' id='word_1_199' title='bbox 451 2966 614 3029; x_wconf 87' lang='lat' dir='ltr'><strong>litterarum</strong></span> <span class='ocrx_word' id='word_1_200' title='bbox 628 2968 776 3038; x_wconf 82' lang='lat' dir='ltr'><strong>ordinem.</strong></span> <span class='ocrx_word' id='word_1_201' title='bbox 819 2965 887 3027; x_wconf 88' lang='lat' dir='ltr'><strong>Iam</strong></span> <span class='ocrx_word' id='word_1_202' title='bbox 899 2986 973 3027; x_wconf 81' lang='lat' dir='ltr'><strong>vero</strong></span> <span class='ocrx_word' id='word_1_203' title='bbox 990 2963 1102 3024; x_wconf 88' lang='lat' dir='ltr'><strong>codicis</strong></span> <span class='ocrx_word' id='word_1_204' title='bbox 1124 2968 1217 3037; x_wconf 72' lang='lat' dir='ltr'><strong>illius</strong></span> 
     </span>
     <span class='ocr_line' id='line_1_28' title="bbox 162 3063 1214 3154; baseline 0.002 -28"><span class='ocrx_word' id='word_1_205' title='bbox 162 3064 305 3148; x_wconf 90' lang='lat' dir='ltr'><strong>scriptura</strong></span> <span class='ocrx_word' id='word_1_206' title='bbox 323 3088 388 3128; x_wconf 92' lang='lat' dir='ltr'><strong>non</strong></span> <span class='ocrx_word' id='word_1_207' title='bbox 409 3068 596 3130; x_wconf 89' lang='lat' dir='ltr'><strong>sollicitanda</strong></span> <span class='ocrx_word' id='word_1_208' title='bbox 616 3080 669 3129; x_wconf 86' lang='lat' dir='ltr'><strong>est.</strong></span> <span class='ocrx_word' id='word_1_209' title='bbox 720 3065 904 3147; x_wconf 85' lang='lat' dir='ltr'><strong>Quanquam</strong></span> <span class='ocrx_word' id='word_1_210' title='bbox 933 3075 1035 3123; x_wconf 90' lang='lat' dir='ltr'><strong>autem</strong></span> <span class='ocrx_word' id='word_1_211' title='bbox 1056 3063 1214 3154; x_wconf 72' lang='lat' dir='ltr'><strong>plerique,</strong></span> 
     </span>
     <span class='ocr_line' id='line_1_29' title="bbox 162 3162 1212 3250; baseline 0.002 -24"><span class='ocrx_word' id='word_1_212' title='bbox 162 3166 213 3250; x_wconf 88' lang='lat' dir='ltr'><strong>qui</strong></span> <span class='ocrx_word' id='word_1_213' title='bbox 228 3167 347 3229; x_wconf 85' lang='lat' dir='ltr'><strong>lexicon</strong></span> <span class='ocrx_word' id='word_1_214' title='bbox 363 3169 548 3248; x_wconf 90' lang='lat' dir='ltr'><strong>Diogeniani</strong></span> <span class='ocrx_word' id='word_1_215' title='bbox 567 3168 671 3244; x_wconf 86' lang='lat' dir='ltr'><strong>citant,</strong></span> <span class='ocrx_word' id='word_1_216' title='bbox 693 3166 866 3228; x_wconf 84' lang='lat' dir='ltr'><strong>breviorem</strong></span> <span class='ocrx_word' id='word_1_217' title='bbox 885 3168 1017 3226; x_wconf 88' lang='lat' dir='ltr'><strong>formam</strong></span> <span class='ocrx_word' id='word_1_218' title='bbox 1029 3162 1212 3238; x_wconf 72' lang='lat' dir='ltr'><strong>adhibent:</strong></span> 
     </span>
     <span class='ocr_line' id='line_1_30' title="bbox 161 3265 1211 3354; baseline 0.002 -24"><span class='ocrx_word' id='word_1_219' title='bbox 161 3279 349 3330; x_wconf 84' lang='lat' dir='ltr'><strong>sunt-tamen</strong></span> <span class='ocrx_word' id='word_1_220' title='bbox 362 3270 511 3331; x_wconf 88' lang='lat' dir='ltr'><strong>intereos</strong></span> <span class='ocrx_word' id='word_1_221' title='bbox 529 3265 636 3345; x_wconf 83' lang='lat' dir='ltr'><strong>etiam,</strong></span> <span class='ocrx_word' id='word_1_222' title='bbox 659 3268 711 3352; x_wconf 90' lang='lat' dir='ltr'><strong>qui</strong></span> <span class='ocrx_word' id='word_1_223' title='bbox 731 3266 955 3352; x_wconf 82' lang='lat' dir='ltr'><strong>diphthongum</strong></span> <span class='ocrx_word' id='word_1_224' title='bbox 975 3268 1211 3354; x_wconf 79' lang='lat' dir='ltr'><strong>amplectantur,</strong></span> 
     </span>
     <span class='ocr_line' id='line_1_31' title="bbox 161 3365 1211 3452; baseline 0.001 -22"><span class='ocrx_word' id='word_1_225' title='bbox 161 3381 196 3431; x_wconf 88' lang='lat' dir='ltr'><strong>ut</strong></span> <span class='ocrx_word' id='word_1_226' title='bbox 225 3367 435 3448; x_wconf 88' lang='lat' dir='ltr'><strong>grammaticus</strong></span> <span class='ocrx_word' id='word_1_227' title='bbox 464 3365 544 3451; x_wconf 88' lang='lat' dir='ltr'><strong>apud</strong></span> <span class='ocrx_word' id='word_1_228' title='bbox 567 3366 816 3447; x_wconf 79' lang='lat' dir='ltr'><strong>Bachmannum‚</strong></span> <span class='ocrx_word' id='word_1_229' title='bbox 845 3367 987 3431; x_wconf 82' lang='lat' dir='ltr'><strong>Anecdd.</strong></span> <span class='ocrx_word' id='word_1_230' title='bbox 1009 3368 1054 3446; x_wconf 88' lang='grc' dir='ltr'><strong>ΙΙ,</strong></span> <span class='ocrx_word' id='word_1_231' title='bbox 1076 3391 1106 3452; x_wconf 89' lang='lat' dir='ltr'><strong>p.</strong></span> <span class='ocrx_word' id='word_1_232' title='bbox 1130 3372 1211 3441; x_wconf 80' lang='lat'><strong>466,</strong></span> 
     </span>
     <span class='ocr_line' id='line_1_32' title="bbox 161 3467 1218 3551; baseline 0.004 -20"><span class='ocrx_word' id='word_1_233' title='bbox 161 3467 216 3531; x_wconf 91' lang='lat' dir='ltr'><strong>Est</strong></span> <span class='ocrx_word' id='word_1_234' title='bbox 235 3469 325 3546; x_wconf 88' lang='lat' dir='ltr'><strong>igitur</strong></span> <span class='ocrx_word' id='word_1_235' title='bbox 342 3467 418 3528; x_wconf 91' lang='lat' dir='ltr'><strong>haec</strong></span> <span class='ocrx_word' id='word_1_236' title='bbox 438 3467 598 3534; x_wconf 83' lang='lat' dir='ltr'><strong>difficultas</strong></span> <span class='ocrx_word' id='word_1_237' title='bbox 615 3494 680 3533; x_wconf 90' lang='lat' dir='ltr'><strong>non</strong></span> <span class='ocrx_word' id='word_1_238' title='bbox 703 3492 823 3551; x_wconf 89' lang='lat' dir='ltr'><strong>magna.</strong></span> <span class='ocrx_word' id='word_1_239' title='bbox 872 3469 993 3531; x_wconf 87' lang='lat' dir='ltr'><strong>Etenim</strong></span> <span class='ocrx_word' id='word_1_240' title='bbox 1014 3478 1218 3548; x_wconf 81' lang='lat' dir='ltr'><strong>gratntnatici·</strong></span> 
     </span>
     <span class='ocr_line' id='line_1_33' title="bbox 162 3567 1212 3658; baseline 0.003 -27"><span class='ocrx_word' id='word_1_241' title='bbox 162 3580 193 3631; x_wconf 92' lang='lat' dir='ltr'><strong>et</strong></span> <span class='ocrx_word' id='word_1_242' title='bbox 205 3567 324 3630; x_wconf 90' lang='lat' dir='ltr'><strong>codices</strong></span> <span class='ocrx_word' id='word_1_243' title='bbox 336 3569 482 3634; x_wconf 89' lang='lat' dir='ltr'><strong>librorum</strong></span> <span class='ocrx_word' id='word_1_244' title='bbox 496 3585 618 3658; x_wconf 88' lang='lat' dir='ltr'><strong>propter</strong></span> <span class='ocrx_word' id='word_1_245' title='bbox 629 3574 808 3635; x_wconf 88' lang='lat' dir='ltr'><strong>elocutionis</strong></span> <span class='ocrx_word' id='word_1_246' title='bbox 819 3570 966 3632; x_wconf 88' lang='lat' dir='ltr'><strong>rationem</strong></span> <span class='ocrx_word' id='word_1_247' title='bbox 979 3591 1071 3656; x_wconf 85' lang='lat' dir='ltr'><strong>saepe</strong></span> <span class='ocrx_word' id='word_1_248' title='bbox 1083 3577 1212 3641; x_wconf 76' lang='lat' dir='ltr'><strong>variant</strong></span> 
     </span>
     <span class='ocr_line' id='line_1_34' title="bbox 160 3670 1213 3761; baseline 0.001 -30"><span class='ocrx_word' id='word_1_249' title='bbox 160 3685 193 3744; x_wconf 76' lang='lat' dir='ltr'><strong>in</strong></span> <span class='ocrx_word' id='word_1_250' title='bbox 207 3670 311 3732; x_wconf 85' lang='lat' dir='ltr'><strong>litteris</strong></span> <span class='ocrx_word' id='word_1_251' title='bbox 325 3690 354 3735; x_wconf 81' lang='lat' dir='ltr'><strong>et</strong></span> <span class='ocrx_word' id='word_1_252' title='bbox 375 3683 404 3734; x_wconf 91' lang='lat' dir='ltr'><strong>et</strong></span> <span class='ocrx_word' id='word_1_253' title='bbox 425 3694 437 3736; x_wconf 90' lang='grc' dir='ltr'><strong><em>ι</em></strong></span> <span class='ocrx_word' id='word_1_254' title='bbox 457 3675 623 3758; x_wconf 88' lang='lat' dir='ltr'><strong>ponendis:</strong></span> <span class='ocrx_word' id='word_1_255' title='bbox 646 3687 676 3738; x_wconf 91' lang='lat' dir='ltr'><strong>et</strong></span> <span class='ocrx_word' id='word_1_256' title='bbox 694 3676 727 3736; x_wconf 90' lang='lat' dir='ltr'><strong>in</strong></span> <span class='ocrx_word' id='word_1_257' title='bbox 743 3676 801 3735; x_wconf 86' lang='lat' dir='ltr'><strong>hac</strong></span> <span class='ocrx_word' id='word_1_258' title='bbox 821 3694 854 3734; x_wconf 93' lang='lat' dir='ltr'><strong>re</strong></span> <span class='ocrx_word' id='word_1_259' title='bbox 872 3674 910 3734; x_wconf 89' lang='lat' dir='ltr'><strong>ab</strong></span> <span class='ocrx_word' id='word_1_260' title='bbox 924 3673 1109 3752; x_wconf 81' lang='lat' dir='ltr'><strong>etymologia</strong></span> <span class='ocrx_word' id='word_1_261' title='bbox 1127 3699 1213 3761; x_wconf 71' lang='lat' dir='ltr'><strong>pen.</strong></span> 
     </span>
     <span class='ocr_line' id='line_1_35' title="bbox 66 3772 1212 3860; baseline 0.003 -26"><span class='ocrx_word' id='word_1_262' title='bbox 66 3826 73 3835; x_wconf 63' lang='lat'>„</span> <span class='ocrx_word' id='word_1_263' title='bbox 161 3772 250 3853; x_wconf 80' lang='lat' dir='ltr'><strong>dent3</strong></span> <span class='ocrx_word' id='word_1_264' title='bbox 274 3776 356 3836; x_wconf 90' lang='lat' dir='ltr'><strong>cuius</strong></span> <span class='ocrx_word' id='word_1_265' title='bbox 370 3774 503 3840; x_wconf 85' lang='lat' dir='ltr'><strong>diversas</strong></span> <span class='ocrx_word' id='word_1_266' title='bbox 517 3780 599 3856; x_wconf 88' lang='lat' dir='ltr'><strong>leges</strong></span> <span class='ocrx_word' id='word_1_267' title='bbox 613 3775 726 3838; x_wconf 84' lang='lat' dir='ltr'><strong>diversi</strong></span> <span class='ocrx_word' id='word_1_268' title='bbox 737 3786 909 3860; x_wconf 88' lang='lat' dir='ltr'><strong>sequuntur.</strong></span> <span class='ocrx_word' id='word_1_269' title='bbox 951 3773 997 3837; x_wconf 86' lang='lat' dir='ltr'><strong>Ita</strong></span> <span class='ocrx_word' id='word_1_270' title='bbox 1014 3776 1212 3844; x_wconf 76' lang='lat' dir='ltr'><strong>substantiva</strong></span> 
     </span>
     <span class='ocr_line' id='line_1_36' title="bbox 27 3858 1212 3979; baseline 0.008 -44"><span class='ocrx_word' id='word_1_271' title='bbox 27 3858 97 3979; x_wconf 45' lang='grc' dir='ltr'><strong>ᾗ(</strong></span> <span class='ocrx_word' id='word_1_272' title='bbox 159 3873 191 3935; x_wconf 93' lang='lat' dir='ltr'><strong>in</strong></span> <span class='ocrx_word' id='word_1_273' title='bbox 214 3873 249 3938; x_wconf 82' lang='grc' dir='ltr'><strong>ία</strong></span> <span class='ocrx_word' id='word_1_274' title='bbox 270 3889 300 3937; x_wconf 91' lang='lat' dir='ltr'><strong>et</strong></span> <span class='ocrx_word' id='word_1_275' title='bbox 321 3874 372 3940; x_wconf 82' lang='grc' dir='ltr'><strong>εία</strong></span> <span class='ocrx_word' id='word_1_276' title='bbox 392 3881 573 3957; x_wconf 84' lang='lat' dir='ltr'><strong>formantur,</strong></span> <span class='ocrx_word' id='word_1_277' title='bbox 601 3879 629 3939; x_wconf 87' lang='lat' dir='ltr'><strong>si</strong></span> <span class='ocrx_word' id='word_1_278' title='bbox 652 3880 690 3940; x_wconf 88' lang='lat' dir='ltr'><strong>ab</strong></span> <span class='ocrx_word' id='word_1_279' title='bbox 708 3874 863 3940; x_wconf 81' lang='lat' dir='ltr'><strong>adiectivis</strong></span> <span class='ocrx_word' id='word_1_280' title='bbox 886 3878 918 3938; x_wconf 94' lang='lat' dir='ltr'><strong>in</strong></span> <span class='ocrx_word' id='word_1_281' title='bbox 936 3898 976 3960; x_wconf 72' lang='grc' dir='ltr'><strong>ης</strong></span> <span class='ocrx_word' id='word_1_282' title='bbox 994 3875 1212 3945; x_wconf 85' lang='lat' dir='ltr'><strong>desinentibus</strong></span> 
     </span>
     <span class='ocr_line' id='line_1_37' title="bbox 161 3973 1211 4062; baseline 0.01 -25"><span class='ocrx_word' id='word_1_283' title='bbox 161 3973 363 4055; x_wconf 89' lang='lat' dir='ltr'><strong>descendunt,</strong></span> <span class='ocrx_word' id='word_1_284' title='bbox 386 3982 438 4041; x_wconf 86' lang='lat' dir='ltr'><strong>cfr.</strong></span> <span class='ocrx_word' id='word_1_285' title='bbox 460 3978 575 4043; x_wconf 89' lang='lat' dir='ltr'><strong>Buttm.</strong></span> <span class='ocrx_word' id='word_1_286' title='bbox 593 3978 739 4042; x_wconf 83' lang='lat' dir='ltr'><strong>ausftihrl.</strong></span> <span class='ocrx_word' id='word_1_287' title='bbox 760 4001 803 4058; x_wconf 85' lang='lat' dir='ltr'><strong>gr.</strong></span> <span class='ocrx_word' id='word_1_288' title='bbox 823 3975 875 4042; x_wconf 89' lang='lat' dir='ltr'><strong>Gr.</strong></span> <span class='ocrx_word' id='word_1_289' title='bbox 890 3977 937 4056; x_wconf 88' lang='grc' dir='ltr'><strong>Π,</strong></span> <span class='ocrx_word' id='word_1_290' title='bbox 960 4000 990 4062; x_wconf 89' lang='lat' dir='ltr'><strong>p.</strong></span> <span class='ocrx_word' id='word_1_291' title='bbox 1008 3982 1080 4056; x_wconf 76' lang='lat'><strong>323,</strong></span> <span class='ocrx_word' id='word_1_292' title='bbox 1101 3977 1211 4046; x_wconf 80' lang='lat' dir='ltr'><strong>Anm.</strong></span> 
     </span>
    </p>
   </div>
   <div class='ocr_carea' id='block_1_3' title="bbox 0 0 1278 4644">
    <p class='ocr_par' dir='ltr' id='par_1_5' title="bbox 0 0 1278 4644">
     <span class='ocr_line' id='line_1_38' title="bbox 0 0 1278 4644; baseline 0 0"><span class='ocrx_word' id='word_1_293' title='bbox 0 0 1278 4644; x_wconf 95' lang='lat' dir='ltr'><strong> </strong></span> 
     </span>
    </p>
   </div>
  </div>
 </body>
</html>
