2534 4644
171 236 214 271 -ὗ,

102 264 145 326 12

101 428 265 494 studioso“
295 441 362 494 cett.
413 429 554 516 Reliqua,
588 451 665 516 quae
692 429 783 509 dixit,
812 449 980 516 apponere,
1010 450 1074 491 non
1099 441 1151 494 est

101 533 165 594 mei
189 531 299 611 officii3
328 532 585 599 breviteromnia
609 543 640 595 et
659 533 812 618 praeclare
829 530 888 594 Vir
912 525 1151 613 uprrrueirur'og

102 636 250 722 exposuit.
292 632 399 719 Neque
415 632 673 721 tameusslbertus
691 645 848 720 propterea
862 654 915 694 sua
932 631 1023 719 laude
1035 634 1150 718 privari

77 725 81 734 ¹
103 737 202 802 debet.
232 734 275 800 'Is
288 737 371 797 enim
390 736 457 821 ipse
480 726 642 822 antbquam
654 733 787 798 Bentleii
805 755 881 818 quae
895 736 985 797 fuerit
996 737 1150 798 sententia

102 838 205 919 sciret,
226 840 260 900 in
273 837 400 901 Miscell.
418 834 571 903 Observv.
590 838 664 901 Vol
681 836 743 914 IV,
765 847 841 897 tom.
857 834 906 914 II,
926 859 956 922 p.
971 842 1042 901 263.
1066 849 1096 899 et
1113 840 1149 901 in

1 943 2 948 ’
102 944 227 1028 praefat.
242 941 282 1003 ad
296 940 427 1021 glossar.
434 937 473 1001 N.
487 936 525 1017 Τ.
537 939 622 1002 idem
641 961 710 1002 sese
728 939 839 1000 sentire
859 942 1029 1024 professus,
1051 949 1150 1024 quum

102 1044 333 1125 Hesychianum
355 1032 615 1120 lexicon'ederet,
637 1042 730 1127 praes.
755 1061 785 1124 p.
808 1038 865 1102 IV.
895 1043 970 1102 tanti
993 1043 1050 1106 viri
1072 1052 1150 1106 con'-

103 1150 228 1211 seusun
238 1147 305 1209 iure
320 1163 377 1205 suo
391 1142 451 1229 sibi
474 1143 612 1221 graurlari
630 1152 763 1227 poterat:
784 1144 962 1226 praesertim
974 1165 1068 1228 quum
1087 1167 1150 1207 no-

103 1266 158 1309 vas
181 1246 248 1331 ipse
266 1257 296 1307 et
309 1243 479 1307 aBentleio
491 1241 664 1329 praeteritas
680 1244 812 1307 rationes
826 1244 1000 1309 addidisset.
1042 1243 1150 1326 Quare

103 1346 201 1410 Nicol.
223 1347 388 1411 Schowius
408 1348 442 1408 in
460 1346 585 1431 praefat.
616 1340 657 1405 ad
677 1344 751 1407 Hes.
774 1348 834 1409 lex.
854 1369 885 1433 p.
905 1347 962 1411 VT
990 1347 1064 1409 dum
1086 1349 1149 1410 soli

65 1436 72 1447 ’
103 1447 244 1535 Bentleio
262 1450 353 1513 huius
380 1449 425 1512 rei
449 1446 573 1509 laudem
590 1442 701 1526 defert,
728 1447 865 1514 iniustius
885 1451 963 1512 mihi
990 1470 1077 1530 agere
1095 1451 1149 1514 vi-

104 1544 212 1619 detffil.
834 1558 837 1562 ⁴

133 1676 136 1679 ’
177 1655 254 1715 'Hac
274 1675 307 1716 re
331 1652 482 1739 exposita,
505 1673 599 1737 quum
618 1650 792 1733 Bentleius,
813 1657 923 1718 multas
942 1676 1009 1717 esse
1028 1654 1061 1715 in
1080 1655 1151 1717 He-

103 1757 210 1839 sychio
241 1759 356 1836 glossas
379 1755 509 1841 spurias,
541 1753 735 1835 ostendisset,
769 1766 921 1840 praeterea
945 1756 983 1818 iis
1015 1776 1150 1841 quoque,

104 1856 156 1944 qui
175 1857 437 1944 interpolatoribus
456 1858 530 1921 solis
546 1858 620 1923 vitia
636 1855 769 1920 admissa
784 1878 851 1920 esse
865 1855 1073 1937 crediderant,
1090 1856 1151 1919 ad-

94 1949 238 2024 uersatus
250 1972 312 2041 est3
334 1982 499 2045 eorumque
514 1961 631 2046 impetu
649 1961 786 2045 represso
807 1961 908 2045 ipsum
933 1961 1003 2023 libri
1020 1962 1151 2047 scripto-

104 2082 170 2123 rem
190 2060 392 2148 reprehendit.
446 2061 513 2125 Iam
533 2073 603 2124 ante
621 2060 797 2152 Bentleium
814 2073 917 2124 autem
933 2065 1068 2142 fuerant,
1096 2063 1150 2147 qui

104 2162 198 2247 ipsius
218 2165 346 2227 auctoris
364 2177 486 2251 peccata
505 2162 742 2249 suspicarentur,
784 2163 841 2227 sed
854 2164 911 2226 rari
924 2163 1149 2243 tantummodo,
1170 2221 1172 2224 Α

105 2276 136 2326 et
155 2287 247 2350 saepe
265 2265 338 2349 quid
357 2269 516 2347 sentirent,
538 2269 642 2352 paucis
663 2279 693 2328 et
714 2267 849 2329 obscuris
871 2267 972 2330 verbis
985 2263 1148 2327 dicendum

103 2367 169 2428 rati.
212 2365 334 2429 Acerbe
346 2369 461 2451 primus
475 2371 664 2451 Hesychium
681 2370 799 2430 notavit
812 2367 871 2431 Jul.
887 2367 998 2431 Caesar
1015 2365 1150 2445 Scaliger

104 2466 145 2528 de
159 2467 273 2529 Plantis
285 2467 315 2546 I,
337 2489 367 2553 p.
382 2467 432 2532 64.
463 2469 587 2548 „Credo
607 2473 688 2534 illius
710 2454 847 2534 seculum
866 2473 961 2534 fuisse
980 2468 1149 2532 admodum

105 2567 338 2651 βαρβαρωθεν.
388 2570 491 2634 Multis
512 2576 605 2636 etiam
624 2572 851 2661 deprehendere
867 2574 954 2651 licet,
983 2594 1055 2635 eum
1075 2593 1150 2633 con-

105 2671 287 2750 gessisse-,in
311 2670 387 2732 illud
406 2674 551 2738 horreum
572 2677 663 2740 simul
686 2697 756 2738 cum
781 2677 917 2756 frugibus
936 2674 1030 2849 Ἦ
1049 2688 1150 2738 scara-

104 2774 200 2834 baeos
220 2793 290 2834 cum
308 2773 370 2835 suis
390 2776 602 2858 tabernaculis,
629 2779 705 2842 dum
725 2779 925 2841 omnibus'ex
1022 2777 1150 2839 omnia

105 2874 256 2937 convertit
274 2876 341 2937 siue
353 2895 456 2939 varmo
479 2891 530 2941 aut
550 2882 657 2943 cribro.
667 2881 686 2912 “
728 2879 906 2965 Eademque
921 2858 1036 2940 ratione
1052 2875 1149 2937 modo

105 2975 260 3059 perhibet,
281 2997 347 3036 non
367 2999 434 3040 esse
450 2981 640 3063 Hesychium
662 2993 799 3042 autorem
816 2982 912 3039 multa
930 2976 993 3036 fide
1012 2975 1147 3052 dignum.

105 3074 277 3138 Exercitatt.
298 3075 338 3139 ad
359 3077 532 3152 (dardanum
553 3104 584 3167 p.
598 3082 686 3160 451„
708 3077 804 3142 modo
817 3077 935 3137 futilem
959 3085 1096 3136 autorem
1113 3093 1148 3135 ac

105 3180 196 3267 plane
218 3182 448 3269 grammaticum
470 3181 613 3269 appellat,
639 3183 683 3243 ib.
711 3202 742 3267 p.
764 3177 837 3241 455.
887 3176 1025 3238 Thomas
1046 3185 1150 3239 autem

105 3279 352 3359 Reinesius'mon
371 3287 473 3347 solum
493 3285 572 3344 hanc
591 3281 735 3362 Scaligeri
753 3279 1022 3366 reprehensionem
1037 3278 1150 3340 iustam

106 3404 175 3446 esse
196 3370 327 3464 censuit,
350 3387 436 3470 epist.
450 3383 573 3449 addoh.
588 3384 846 3464 Vorstium,·26.,
867 3380 1030 3444 sedetiam
1044 3377 1151 3443 laudes

105 3489 236 3549 alionum
259 3489 291 3549 in
311 3487 487 3575 scriptorem
512 3488 603 3571 plena
620 3508 728 3565 manu,
759 3483 841 3570 quod
863 3485 961 3560 aiunt,
992 3492 1151 3562 congestas

105 3589 237 3652 detrivit
287 3582 547 3665 „Eruditionem“
574 3589 671 3673 inquit
691 3609 811 3673 „quam
831 3588 861 3648 ei
878 3585 993 3672 passim
1007 3585 1151 3660 tribuunt,

104 3691 206 3776 potius
220 3689 258 3750 iis
278 3687 484 3772 scriptoribus,
507 3711 584 3774 quos
597 3690 745 3777 excerpsit
767 3688 833 3769 (est
853 3689 937 3752 enim
956 3689 1058 3754 solum
1072 3682 1153 3764 ovd-

96 3785 297 3872 ’ὁαατάδης)
319 3791 498 3857 tribuerem:
522 3814 592 3854 cum
613 3792 696 3854 enim
716 3793 794 3855 nihil
806 3789 905 3878 paene
919 3792 985 3855 eius
998 3790 1051 3866 sit,
1074 3807 1151 3869 quo-

107 3891 203 3955 modo
223 3890 376 3954 eruditum
405 3887 577 3975 ἐξαιρέτως
604 3895 699 3958 fuisse
728 3895 921 3976 colligam?“
955 3895 1008 3954 cfr.
1032 3888 1149 3954 Fabric.

107 3995 181 4057 bibl.
195 3991 247 4056 Gr.
265 3998 285 4056 l.
308 3993 365 4057 IV.
385 4017 449 4081 cap.
471 3995 618 4077 XXXV,
639 4019 665 4062 s.
687 3996 743 4060 Vl.
766 3996 852 4062 -Alii
872 3998 974 4061 minus
993 3992 1151 4080 perspicue
