2534 4644
126 446 311 524 talccticum,
333 444 501 507 secuudum
513 467 587 509 vero
600 446 832 511 Pherecrateum
851 471 917 514 esse
938 452 1083 563 τηεψ-ῆι.
1134 458 1183 520 Αο

125 550 290 613 versiculos
313 569 380 612 csse
399 551 478 610 male
498 547 684 626 excogitatos
702 571 796 633 quum
807 573 901 615 nemo
916 576 980 616 non
992 542 1128 639 'vilieat3
1151 563 1180 623 in

125 673 164 714 eo
183 664 302 729 tamen,
324 647 406 733 quod
435 644 551 729 ἐφεξῆς
583 660 613 711 et
636 645 732 730 ἕτερα
760 655 798 715 ab
819 651 1006 741 Apollodori
1032 665 1181 729 versibus

123 755 255 817 seiunxit
274 763 305 812 et
326 749 480 813 Athenaei
503 773 570 814 esse
594 751 798 815 additamenta
820 755 911 836 vidit,
941 758 1131 828 Iacobsium
1152 780 1181 831 et

73 881 78 895 ¹
124 855 451 933 Schweighaeuserum
477 854 644 940 superavit,
673 877 745 916 meo
776 854 905 936 iudicio,
934 883 1071 945 quorum
1095 859 1179 953 prior

122 954 229 1039 ἕτερα,
249 957 399 1042 posterior
413 956 504 1017 etiam
521 952 636 1036 ἐφεξῆς
657 954 697 1015 ad
710 952 938 1040 Apollodorum
951 969 1080 1030 rettulit.
1131 971 1178 1034 Ia.

122 1061 459 1136 cobsiuscnimxersus
472 1079 539 1120 csse
553 1068 740 1120 tetrametros
753 1063 884 1143 putavit,
906 1066 948 1127 ita
968 1070 1176 1140 scribendos:

282 1195 326 1207 -
345 1153 532 1241 „orpoiput'
556 1152 780 1242 ἀργυρώματα

283 1256 456 1346 θῆρλκλειά
495 1251 534 1323 τ’
573 1254 767 1342 europaeve,
813 1269 977 1353 πολυτελῆ
1023 1273 1176 1360 ποτῆοιτ

282 1361 398 1447 icepd‘
555 1373 559 1378 '

119 1472 208 1538 etde
228 1469 407 1534 tetrametris
428 1487 515 1530 suam
537 1466 714 1559 opinionem
731 1467 1026 1550 Schweighaeusero
1039 1499 1173 1562 persua.

118 1579 166 1641 sit.
209 1574 239 1637 ls
255 1584 356 1633 autem
369 1570 435 1656 ipse
447 1579 588 1630 neutrum
600 1589 695 1647 genus
710 1571 926 1650 negligendum
944 1572 1013 1638 esse
1027 1592 1122 1646 ratus
1146 1597 1173 1646 οι

118 1703 158 1742 ex
177 1689 263 1762 parte
285 1673 383 1734 codici
404 1670 437 1732 A
458 1672 620 1733 obsecutus
648 1670 852 1753 ,,θηρλκλειοι
872 1676 1053 1758 τοοιυτοιὶῑ(
1081 1677 1173 1749 exhi.

116 1781 201 1844 benti
214 1797 361 1861 reponere
373 1774 478 1850 voluit,
612 1850 615 1853 ῃ

281 1875 465 1960 θηρίκλειοι
486 1870 541 1937 καὶ
565 1871 707 1953 τορευτὰ
728 1877 889 1960 πολυτελῆ
908 1877 1068 1964 ποτήρια.
1165 1944 1169 1951 .

114 1982 167 2045 Ab
190 1982 239 2044 his
260 1980 402 2041 omuibus
424 1976 567 2062 equidem
588 1977 785 2059 Hesychiano
812 1982 943 2042 alexico
960 2007 1117 2071 revocor,
1138 1995 1168 2056 in

114 2107 175 2172 quo
196 2087 258 2148 vol.
281 2082 311 2160 Ι,
332 2104 363 2168 p.
391 2085 481 2144 1700.
503 2079 647 2164 scriptrun
669 2080 786 2164 reperio
809 2080 1037 2160 ,,θιολκλειου·
1064 2091 1168 2179 uota}

115 2211 204 2271 ριου·
232 2183 369 2252 κόνδυ.“
411 2182 483 2246 Νοο
503 2202 609 2242 moror
630 2183 714 2262 enirn
736 2181 935 2263 samasimn,
964 2189 1169 2275 θηρίκλειοι

112 2294 191 2354 infra
206 2292 315 2352 melius
328 2287 417 2348 scribi
433 2285 645 2345 affirmantem.
687 2284 797 2346 Iamsi
813 2286 847 2347 in
857 2285 1023 2354 Athenaeo
1047 2301 1168 2383 „bspt-

112 2397 246 2459 κλτιου“
267 2389 457 2475 reponimus,
479 2388 561 2447 nulla
581 2386 749 2449 mutatione
767 2410 843 2473 opus
864 2402 919 2452 est.
962 2391 1038 2456 Puta
1067 2403 1165 2482 enim,

112 2517 217 2558 versus
233 2514 300 2555 esse
313 2492 461 2552 iambicos
477 2501 508 2550 et
521 2490 634 2551 scribe:

312 2584 495 2673 στρώματ’,
518 2584 739 2672 ἀργυρώματα
746 2638 756 2670 ,

273 2695 456 2776 θεοίιιλτιοι,
480 2687 637 2775 cooevos,
661 2695 820 2778 πολυτελῆ
842 2692 993 2782 ποτήρια.

109 2796 155 2859 lta
168 2797 272 2859 omnia
294 2799 409 2884 optime
425 2800 595 2862 cohaerent.
640 2797 703 2860 Sed
726 2821 820 2883 quum
835 2804 912 2864 mira
932 2805 970 2865 sit
990 2804 1071 2865 haec
1099 2813 1163 2874 hu.

46 2965 52 2971 ,
107 2901 155 2963 ius
166 2904 285 2985 formae
297 2903 441 2979 mutatio,
462 2901 505 2962 ibi
518 2903 645 2962 fortasse
659 2901 849 2985 Pamphilus,
873 2906 924 2965 ubi
940 2905 1076 2986 primurn
1099 2935 1163 2976 vo.

109 3025 177 3065 cem
191 3004 456 3080 commemoravit,
479 3023 566 3063 suam
581 3001 620 3062 de
635 3003 721 3064 vocis
735 3005 850 3081 origine
865 2999 1067 3063 coniecturam
1079 3032 1163 3090 pm„

106 3106 223 3190 posuit,
252 3107 289 3165 ab
309 3103 503 3180 Diogeniano
524 3095 635 3162 merito
652 3104 822 3184 neglectam
844 3115 874 3163 et
894 3105 1159 3187 praetermissam.

46 3212 54 3220 ”
108 3204 249 3269 Getenrm
270 3205 297 3266 si
317 3202 475 3264 Bentleius
497 3223 536 3262 ex
552 3222 608 3262 usu
625 3202 710 3263 vocis
737 3201 818 3285 apud
845 3204 1050 3282 Phalaridem,
1085 3218 1157 3282 eius

106 3308 248 3392 epistolas
266 3307 379 3390 spurias
402 3324 484 3383 esso,
506 3303 646 3399 eplligere
667 3305 780 3388 potuit:
811 3329 914 3368 nonne
934 3316 1155 3386 graunnatieus

104 3410 197 3472 simili
208 3411 277 3471 loco
291 3407 359 3468 libri
378 3380 576 3493 supposttffie
582 3406 741 3490 cuiusdam
761 3421 830 3470 ante
845 3411 949 3471 oculos
963 3411 1064 3494 posito
1084 3420 1154 3483 falli

103 3511 216 3597 potuit,
239 3519 269 3568 et
284 3510 321 3568 ab
338 3507 477 3569 Thericle
496 3498 589 3588 figulo
608 3509 648 3570 ad
668 3512 758 3572 aliam
780 3512 928 3607 originem
940 3517 1153 3596 quaerendam

103 3612 196 3677 duci?
218 3608 273 3672 An
285 3611 366 3696 ipsas
378 3612 470 3672 hasce
484 3611 535 3672 ille
548 3613 612 3673 iam
624 3614 696 3691 legit
706 3612 873 3691 Phalaridis
887 3616 1052 3700 epistolas?

150 3764 153 3769 .
186 3711 304 3776 Athen.
324 3737 353 3799 p.
377 3712 448 3777 495.
471 3736 495 3775 s.
514 3735 544 3775 v.
558 3707 671 3803 ’Όλλιξ
692 3713 804 3795 (vulgo
818 3712 941 3797 Ὄυυξ)
967 3711 1152 3799 Πάμφιλος

102 3812 139 3880 ἐν
167 3809 324 3890 Ἀττικαῖς
354 3811 455 3892 λέξεσι
486 3811 524 3878 τὸ
558 3809 694 3891 ξύλινον
729 3813 891 3900 ποτήριον
927 3812 1150 3887 ἅττοδίδωοι.“

101 3914 195 3997 Quod
217 3919 244 3981 si
263 3918 329 4003 quis
355 3939 424 3978 cum
447 3917 739 3997 Schweighaeusero
767 3914 909 3998 Ἀττικὰς
929 3916 1028 3998 λέξεις
1048 3944 1151 4006 pecu-

100 4021 180 4082 liaris
195 4022 263 4083 libri
279 4020 504 4104 inscriptionem
521 4041 588 4082 esse
605 4033 754 4101 autumat,
777 4027 829 4085 cfr.
849 4026 887 4086 ei.
904 4024 994 4086 indic.
1009 4038 1150 4113 auctet-3
