2534 4644
111 490 218 567 postea
242 479 415 562 Hesychius
437 478 545 541 adiecit
564 477 781 562 Aristophanis
806 488 837 539 et
856 477 985 538 aliorum
1011 475 1169 555 glossario

113 582 153 645 ad
172 583 347 658 Laconum,
376 579 579 657 Cretensium,
610 577 858 657 Tarentinorum,
888 578 1081 661 aliorumque
1104 598 1170 669 po-

113 687 258 771 pulorum
275 702 369 747 voces
393 680 585 766 explicandas
607 682 811 766 comparata.“
858 679 1057 768 Perspicuum
1080 678 1171 740 enim

115 796 206 848 estet
225 795 349 861 nouun,
372 804 408 844 ea
429 783 534 844 omnia
555 781 778 868 erpoinum
804 782 1038 856 Laconicortun‚
1064 778 1170 842 Creti-

115 894 221 947 corutn
234 885 421 969 aliortunquc
435 885 616 946 carminibus
630 887 751 964 haustu
785 893 816 943 et
827 882 854 945 si
866 894 952 974 erant
963 882 1077 961 singuli
1095 882 1170 966 qut-

50 1034 70 1059 2.
115 1007 174 1072 quc
192 985 271 1046 inter
287 982 357 1048 illos
375 986 505 1070 prosaici
528 985 700 1071 scriptores,
728 987 837 1047 saltem
857 983 896 1045 de
915 984 1038 1069 reliquis
1052 984 1170 1064 glossis

116 1088 246 1173 sepmarr'
256 1087 383 1148 minime
398 1086 559 1149 debebant.

203 1189 314 1250 Lexica
333 1187 463 1250 condere
481 1187 680 1268 grammaticis
695 1187 794 1249 ioma
885 1184 1173 1248 Alexandrinae
1215 1196 1216 1201 ’

118 1290 271 1353 doctrinae
282 1291 470 1374 temporibus
485 1289 629 1351 usitatum
638 1300 694 1367 est,
707 1290 809 1353 Wolf.
816 1260 905 1350 Pice
888 1300 954 1367 εὲςι
946 1310 996 1373 sps
987 1286 1173 1367 ccxcvi,

119 1394 175 1454 etsi
187 1395 290 1478 ipsum
304 1389 402 1455 lexic-i
421 1412 537 1453 nornen
557 1392 678 1454 serioris
696 1402 743 1453 est
756 1391 893 1477 originis,
915 1401 945 1452 et
962 1387 1043 1472 apud
1055 1389 1175 1470 Hesy-

119 1496 224 1556 chium
242 1507 379 1556 nostrum
400 1504 567 1579 repertum,
589 1495 641 1554 cfr.-
665 1493 783 1556 Osann.
805 1497 901 1578 praef.
922 1490 962 1554 ad
975 1489 1111 1551 Philem.
1136 1513 1176 1577 p.

119 1595 214 1659 xlx.
257 1595 294 1657 In
312 1593 509 1681 disponendis
529 1595 654 1682 singplis
675 1596 830 1657 vocabtdis
843 1617 920 1656 mox
937 1595 1101 1655 utebantur
1125 1595 1175 1654 ala

118 1698 280 1783 phahetico
303 1696 422 1774 ordine,
449 1696 576 1781 perinde
595 1706 630 1756 ut
649 1692 843 1757 Aristarchus
866 1696 959 1757 libros
978 1694 1174 1754 Homerico*

119 1821 188 1860 rum
201 1799 367 1860 canninum
379 1795 537 1860 distribuit.
579 1796 645 1860 Alii
660 1798 771 1860 seriem
787 1795 939 1881 quandam
951 1817 1054 1857 rerum
1067 1797 1174 1858 secuti

120 1912 205 1977 sunt,
226 1911 261 1961 ut
275 1900 384 1962 Pollux
398 1899 432 1960 iii
444 1897 663 1977 Onomastico,
684 1901 717 1961 in
734 1897 1071 1984 plantisenmnerandis
1086 1897 1173 1960 Dio-

119 2000 809 2081 scorides.Nostr·u1nautemDiogenianu1n
831 1993 914 2063 κοινοὶ
935 2002 1103 2080 στοιχεῖον
1126 2003 1173 2062 le-

107 2101 210 2201 *xicon
228 2125 320 2166 suum
341 2103 509 2188 scripsisse,
532 2098 643 2166 Suidas
662 2114 830 2165 auctorest.
874 2100 938 2162 Sed
954 2122 1070 2162 eorum
1087 2124 1172 2186 quo-

120 2223 181 2288 que
193 2206 277 2267 varia
291 2215 375 2268 erant
387 2226 506 2286 genera.-
549 2205 695 2268 Nonnulli
710 2206 793 2267 enim
806 2204 937 2289 primam
949 2198 1068 2264 tantist
1084 2205 1171 2266 litte-

119 2325 200 2383 ram,
218 2309 358 2368 nonnulli
367 2309 499 2394 primam
515 2320 545 2371 et
560 2312 685 2370 alteram
698 2307 913 2393 respiciebant3
934 2309 1055 2366 fuerunt
1069 2306 1171 2369 etiarn

119 2427 172 2489 qur
183 2408 302 2469 tertiam
315 2419 344 2468 et
364 2421 501 2491 quatum
513 2411 691 2488 adiicerent3
714 2409 844 2492 denique
867 2409 919 2492 qui
942 2419 977 2468 ut
992 2407 1077 2492 apud
1098 2431 1169 2492 nos,

120 2519 256 2568 accurate
268 2519 415 2592 quantum
431 2508 466 2570 id
479 2512 546 2578 lieri
563 2522 679 2596 potest,
701 2513 765 2571 fere
779 2511 919 2572 omnium
931 2510 1102 2573 litterarum
1119 2535 1171 2576 se-

119 2605 196 2666 n'em
222 2604 425 2673 observarent.
473 2609 617 2674 Osarmus
636 2613 735 2690 enim,
756 2612 809 2697 qui
820 2615 915 2698 praef.
935 2610 973 2672 ad
985 2611 1123 2677 Philem.
1138 2638 1170 2703 p.

120 2706 247 2772 XXIV.
268 2712 311 2773 ait
332 2732 401 2776 sese
416 2715 534 2775 nullum
548 2736 641 2778 nosse
656 2713 825 2779 secundum
838 2716 950 2776 litteras
967 2735 1053 2774 more
1072 2717 1172 2781 huius

121 2813 225 2875 aetatis
247 2813 445 2901 dispositum,
475 2818 639 2882 aventato
665 2822 790 2883 aberrat.
840 2817 922 2880 Nam
947 2815 1056 2878 Suidas
1083 2819 1173 2881 hunc

120 2930 241 2976 morem
262 2915 397 2981 accurate
419 2920 524 2981 tenuit.
567 2919 617 2982 De
630 2921 823 3002 Diogeniano
844 2918 1016 2998 Hesychius
1035 2917 1175 2999 „noui-

120 3017 208 3096 ttmte,
231 3014 279 3081 cliv
293 3015 368 3083 κατ’
399 3015 503 3102 οίοχιὶν
523 3016 660 3105 ἑκάστης
685 3020 799 3098 λέξεως
824 3020 929 3096 τρινῖν
949 3011 972 3096 ἢ
993 3010 1176 3097 seutdom,

122 3116 292 3196 στοιχείων
317 3114 426 3196 τάξιν,
457 3116 505 3183 ἵν’
535 3118 642 3197 οὕτως
666 3112 910 3200 aspectabat»
932 3112 1000 3198 ἔχοι
1026 3109 1090 3196 τὴν
1115 3120 1173 3187 εὔ.

121 3220 229 3293 obsco,
262 3210 304 3302 ἧς
330 3217 470 3302 ἐπιζητεῖ
495 3215 614 3297 τάξιος
643 3214 673 3284 ὁ.
686 3223 757 3296 τοῖς
786 3216 927 3303 βιβλίοις
955 3214 1175 3299 ἐντυγχάνων

11 3320 13 3329 ’
118 3317 383 3407 προαιρούμενος
392 3325 420 3400 “,
448 3323 557 3407 quibus
579 3345 597 3385 e
617 3324 717 3386 verbis
741 3324 882 3402 colligere
907 3323 990 3396 licet,
1019 3318 1054 3405 in
1077 3326 1174 3389 tertia

119 3422 285 3487 etiamnum
298 3428 349 3488 vel
364 3435 466 3509 quarta
476 3425 572 3486 littera
591 3438 727 3487 accurate
744 3428 909 3488 litterarum
928 3421 1038 3486 seriem
1055 3426 1173 3490 choors

118 3531 220 3584 vatam
233 3526 337 3590 fuisset
379 3524 655 3613 Neque'rcpugnat
673 3526 816 3607 Photius‚
838 3527 891 3611 qui
909 3523 947 3587 de
965 3521 1101 3588 Helladii
1121 3531 1173 3592 let.

118 3621 186 3684 nico
201 3623 321 3709 dicens,
342 3629 417 3692 illud
428 3651 498 3691 cum
516 3629 709 3711 Diogeniano
729 3639 885 3714 comparat
904 3624 1032 3706 ,,ιιεζοῦ
1053 3621 1093 3688 δὲ
1114 3627 1174 3696 λό.

118 3743 183 3804 you
205 3723 272 3794 ἔστι
292 3730 330 3797 τὸ
352 3736 504 3796 strictos
524 3733 591 3808 τιὸν
612 3727 745 3810 talisne,
775 3724 849 3794 ἀλλ’
880 3722 953 3811 οὐχὶ
975 3736 1187 3812 ιιοιιιτιιτοιῑ,Ἰ

89 3888 96 3903 .
118 3821 225 3912 ὥςπερ
247 3827 269 3917 ἡ
288 3834 497 3921 Διογενιανῷ
521 3829 743 3916 inscrutatus
764 3827 926 3914 ονλλογὴ·
957 3823 1037 3894 οὐδὲ
1057 3832 1174 3902 κατὰ

35 3932 48 3947 ”
117 3925 255 4011 τείσας
282 3931 355 4011 τοὶς
381 3929 595 4018 συλλαβὰς
621 3929 682 4017 τὴν
711 3936 772 3999 τοῦ
795 3932 957 4017 στοιχείου
978 3928 1074 4011 τάξιν
1097 3958 1176 4019 pv.

17 4086 20 4091 .
117 4026 241 4114 ίάττιι,
268 4033 351 4102 tut
372 4033 455 4101 ιιιιτίι
476 4031 584 4120 μόνον
605 4031 666 4119 τήν
693 4031 902 4121 ἅρχονοαν“,
932 4054 993 4121 quo
1013 4038 1087 4100 loco
1100 4039 1175 4127 ipso
