2534 4644
131 424 446 514 iudexperitissimus,
467 444 521 508 qur
510 417 726 504 Hesychlaui.
737 418 829 485 lexici
840 440 957 488 nortun
969 445 1039 489 sese
1050 439 1170 512 paratur-

82 551 276 595 rumesse
289 527 457 592 editionem
469 527 589 611 publice
605 518 755 610 palliatus
769 534 828 602 est,
851 524 955 587 omnia
976 529 1104 591 fortasse
1117 552 1171 592 co·-

81 596 206 696 luicis
224 635 308 696 bona
324 625 471 707 recludet,
492 628 582 695 etita
602 626 751 712 perficiet,
773 623 857 711 quod
870 624 1021 707 Bastio,'
1011 642 1173 696 uumatura

130 745 229 799 morte
240 732 331 799 bonis
345 729 450 793 litteris
463 740 567 815 erepto
580 751 645 791 non
656 728 748 792 licuit.

125 886 127 890 ,
189 876 190 880 ,
213 833 261 898 At
279 838 505 918 quantacunque
521 831 625 895 inde
615 853 649 893 rn
670 828 1039 912 Hesychianumlexicon
1059 857 1171 921 prove-

129 960 203 1003 nere
219 930 400 1000 commoda:
429 931 506 995 nihil
531 944 683 1020 repertum
702 942 761 1011 est,
782 932 867 1017 quod
883 936 1023 999 tenebras
1046 941 1171 1023 pelleret

130 1041 361 1123 discuteretque,
390 1054 467 1118 quae
487 1037 526 1097 ab
550 1035 640 1098 initio
668 1033 770 1097 statim
796 1035 941 1099 historiae
967 1036 1032 1103 eius
1053 1041 1170 1105 offusae

127 1142 255 1202 fuerant.
297 1137 364 1201 Iam
392 1135 445 1199 diu
467 1135 551 1199 enim
581 1137 722 1200 manibus
751 1138 896 1200 tenebant
920 1136 1029 1201 eruditi
1047 1144 1170 1209 lexicon

127 1239 385 1320 laudatissimum,
405 1260 506 1326 neque
522 1249 661 1307 tamena
676 1240 758 1323 quali
776 1249 896 1303 auctore
910 1239 1080 1322 conditum,
1103 1230 1170 1330 qui.

127 1345 245 1426 busque
263 1363 304 1405 ex
321 1342 458 1404 lontibus
487 1350 518 1401 et
537 1359 598 1423 quo
620 1340 746 1402 consilio
760 1348 900 1429 parsurm
918 1353 1007 1421 esset,
1025 1346 1168 1410 sciebant.

128 1440 208 1524 Quis
227 1442 311 1506 enim
331 1443 370 1505 sit
393 1443 445 1504 ille
464 1441 653 1523 Hesychius,
682 1441 905 1505 cuiwnomeu
922 1442 999 1505 liber
1014 1444 1048 1505 in
1070 1449 1170 1511 fronte

103 1536 106 1541 ’
128 1545 218 1625 gerit,
247 1543 370 1628 quando
397 1543 564 1628 scripserit,
593 1564 672 1629 quae
688 1542 730 1606 sit
753 1542 818 1605 eius
837 1542 917 1607 fides
940 1555 972 1606 et
994 1547 1170 1628 auctoritas,

128 1666 203 1730 quas
214 1657 315 1732 partes
330 1647 429 1732 operis
444 1647 482 1709 ab
505 1645 572 1724 aliis
591 1645 753 1730 acceperit,
775 1643 964 1711 addideritve
978 1644 1110 1713 deruis:
1131 1649 1171 1714 de

126 1747 176 1808 his
192 1744 355 1831 multisque
366 1747 432 1809 aliis
448 1749 538 1809 rebus
551 1746 628 1808 scitu
644 1745 828 1828 dignissimis
848 1759 879 1809 et
888 1749 1059 1812 necessario
1077 1773 1171 1835 quae-

125 1847 228 1912 rendis
248 1851 357 1911 frustra
377 1847 529 1911 editorum
553 1857 584 1909 et
601 1846 965 1935 interpretum³principes
977 1853 1171 1918 consulimus.

126 1949 173 2013 At
184 1970 356 2035 quanquam
368 1971 408 2012 ex
421 1949 550 2034 antiquis
561 1949 679 2010 nemini
697 1950 819 2013 lexicon
833 1951 981 2034 Hesychii
998 1952 1081 2036 quod
1093 1955 1172 2016 scia-

126 2073 211 2130 mus,
231 2052 334 2115 visum
350 2063 408 2130 est,
429 2049 522 2136 idque
534 2072 596 2112 uno
608 2061 726 2113 tantum
739 2071 779 2113 ex
792 2049 897 2114 codice
912 2053 1057 2133 innotuit,
1079 2078 1171 2141 quem

126 2175 225 2215 unum
239 2173 323 2230 esse,
346 2154 398 2238 qui
416 2154 507 2236 primi
525 2150 737 2235 possidebant,
756 2165 979 2234 cognoverant,
1001 2177 1172 2242 quanquam

126 2253 218 2334 igitur
227 2253 382 2316 maximae
398 2251 601 2315 dubitationes
607 2253 746 2314 omnitun
760 2252 930 2316 criticonun
943 2254 1041 2343 smdia
1054 2256 1172 2320 adrem

126 2356 348 2421 enucleandam
365 2377 533 2442 provocare
555 2353 742 2435 debueruut3
770 2355 880 2418 tamon'
896 2344 1034 2442 plerique
1052 2370 1105 2422 aut
1117 2361 1170 2422 illo

125 2461 194 2547 ipso
208 2472 347 2525 vetenuu
355 2458 475 2522 silentio
492 2457 640 2520 commoti
652 2458 738 2519 omni
752 2460 797 2520 rei
810 2456 1020 2543 disquisitione
1031 2482 1172 2547 superse-

99 2646 104 2655 ,
127 2562 252 2643 derunt,
278 2582 426 2649 spemque
442 2559 555 2647 aliquid
574 2561 645 2622 certi
661 2559 831 2645 reperiendi
852 2560 1041 2642 abiecerunt3
1070 2574 1122 2624 aut
1145 2564 1172 2626 si
1194 2644 1197 2649 Δ

125 2678 193 2727 rem
214 2663 347 2744 aggressi
365 2673 466 2740 erant,
488 2684 564 2725 mox
585 2663 698 2725 infecta
720 2683 757 2724 ea
775 2673 901 2724 autnon
923 2664 1016 2741 longe
1031 2677 1172 2749 promota

126 2767 241 2829 reuersi
259 2766 336 2826 nihil
352 2763 457 2840 magni
471 2765 690 2846 praestiterunt.
732 2760 778 2824 At
796 2763 853 2824 fuit
863 2761 939 2824 illud
951 2774 1088 2848 tempus,
1111 2788 1171 2851 quo

126 2864 150 2927 ii
170 2866 223 2950 qui
243 2885 312 2927 seso
333 2864 507 2947 philologos
524 2865 750 2949 nuncupabant,
771 2863 842 2925 licet
854 2862 1013 2943 diligentes
1026 2879 1128 2928 essent
1142 2879 1173 2929 et

127 2967 232 3031 eximii
255 2966 371 3045 ingenii
388 2965 547 3044 homines,
574 2963 714 3028 socordia
734 2963 866 3049 quadam
883 2966 950 3051 capi
970 2987 1004 3028 se
1023 2967 1172 3047 sinebant,

125 3090 185 3156 qua
205 3066 322 3131 seducti
340 3068 501 3146 librorum,
530 3068 639 3152 quibus
659 3071 834 3146 utebantur,
856 3068 1014 3131 historiam
1035 3069 1172 3149 neglige-

116 3173 209 3235 bant.
259 3168 366 3254 Neque
388 3173 446 3232 hac
463 3180 577 3247 aetate,
613 3189 673 3253 qua
695 3170 862 3231 litterarum
885 3166 1047 3254 splendore
1069 3171 1172 3232 omnia

126 3276 350 3350 collustrantur,
382 3269 505 3350 desunt,
534 3270 587 3355 qui
607 3273 801 3357 quaestiones
820 3271 860 3334 de
884 3272 1032 3333 librorum
1048 3272 1172 3351 origini-

126 3372 184 3436 bus
209 3394 228 3435 a
246 3394 315 3436 sese
335 3383 529 3452 removeant,
546 3372 717 3452 efflatis
739 3384 775 3435 ut
795 3374 894 3451 aiunt,
919 3370 1002 3456 quod
1024 3376 1173 3445 habemus

125 3473 221 3536 libros
235 3485 265 3535 et
281 3496 388 3538 eorum
404 3476 535 3540 lectione
555 3466 693 3555 baffi,
735 3471 808 3554 Qua
820 3473 944 3559 quidem
962 3476 1110 3540 sententia
1124 3477 1173 3538 ni-

126 3575 171 3637 hil
190 3585 290 3660 potest
307 3581 358 3642 vel
379 3579 493 3659 levius,
507 3579 568 3641 ¹rel
585 3574 786 3665 pernicium
807 3597 892 3658 esso3
919 3578 995 3640 nihil
1014 3578 1171 3663 philologo

126 3675 291 3758 indignius.
336 3679 444 3745 Exstat
466 3668 774 3766 tamen-striptorum
793 3701 902 3760 genus,
924 3677 1008 3766 quod
1032 3690 1086 3740 aut
1105 3700 1171 3741 raro

126 3792 179 3844 aut
191 3800 348 3864 nunquam
366 3795 488 3846 nactum
507 3793 570 3862 est,
599 3781 651 3867 qui
670 3792 822 3844 accuratas
842 3779 1065 3866 disquisitiones
1086 3778 1173 3847 ineli-

125 3893 254 3959 urerent.-
298 3882 421 3966 Loquor
440 3884 519 3950 de’‘
497 3904 553 3964 us,
574 3884 626 3970 qui
644 3883 784 3968 antiquos
803 3881 964 3966 scriptores
983 3890 1173 3948 commenta-

126 3985 177 4050 tiis
192 3984 353 4073 explicaro·
357 3996 573 4072 susceperunt,
599 3984 639 4048 de
659 3986 862 4064 guamarius
883 3995 914 4048 et
923 3981 1123 4129 rhabanus,
1141 3991 1173 4043 ot

900 4088 952 4173 123,-
