2534 4644
208 1014 211 1018 ⁴
334 972 558 1062 CAPUT
591 970 916 1066 TERTIUM.

146 1174 385 1241 IUDIGIUlll
413 1176 477 1240 DE
499 1174 792 1240 EPISTOLAE
814 1173 1103 1239 SCRIPTORE

262 1295 331 1359 EX
352 1295 465 1358 EIUS
488 1293 763 1359 SCRIBENDI
786 1291 985 1357 GENERE

430 1412 809 1479 ADUMBRATUM.
841 1453 849 1467 t

519 1608 731 1621 .....-..---·-·

102 1732 154 1842 N
154 1789 196 1829 ⁰11
208 1776 268 1848 est,
290 1771 372 1856 quod
386 1794 615 1851 commoneam,
635 1774 826 1854 Hesychium
839 1773 872 1833 in
885 1783 983 1849 tanta,
1001 1781 1145 1856 quantam

101 1872 167 1957 ipse
189 1872 360 1953 confitetur,
382 1897 483 1938 rerum
497 1899 537 1942 ex
553 1879 683 1938 aliorum
700 1877 783 1939 libris
796 1877 972 1940 haustarum
994 1874 1081 1958 copia
1105 1892 1145 1934 ex

103 1974 229 2059 epistola
249 1976 359 2038 melius
373 1988 404 2038 et
416 1979 550 2058 facilius,
572 2001 664 2064 quam
685 2001 724 2040 ex
737 1978 834 2042 lexico
858 1975 1001 2056 cognosci
1013 1987 1045 2040 et
1065 1973 1144 2035 diiu-

103 2073 207 2137 dicari.
247 2077 332 2138 Licet
352 2079 436 2141 enim
448 2100 556 2144 verum
574 2092 669 2157 esset,
691 2078 775 2162 quod
785 2078 1003 2140 Valckenarius
1016 2089 1144 2142 conten-

104 2174 156 2253 dit,
172 2177 316 2261 epistolae
331 2180 507 2264 scriptorem
521 2185 617 2243 multa
628 2180 737 2265 pannis
750 2180 812 2241 suis
828 2179 1053 2240 comrniscuisse
1067 2177 1142 2253 alie-

101 2298 142 2338 na
164 2279 237 2352 (cfr.
250 2277 358 2343 Valck.
372 2281 486 2367 Opusc.
501 2282 540 2344 Π.
558 2306 585 2368 p.
598 2283 667 2348 157.
676 2287 698 2363 )‚
720 2283 797 2344 ratio
810 2293 913 2344 tamen
924 2281 988 2343 eius
1002 2289 1033 2342 et
1045 2278 1142 2354 oratio

100 2380 221 2465 propria
241 2390 288 2443 est
314 2394 346 2445 et
365 2385 460 2468 qualis
479 2386 575 2447 homo
603 2386 693 2447 fuerit
709 2386 799 2448 nobis
828 2381 969 2446 ostendit
1022 2380 1062 2442 Et
1081 2382 1141 2442 hoc

100 2482 202 2567 ipsum
221 2482 440 2547 Valckenarius
462 2483 669 2550 demonstrare
688 2487 801 2564 voluit,
833 2497 897 2547 tam
915 2485 1053 2570 ineptam
1074 2503 1141 2544 esse

101 2587 277 2670 epistolam,
299 2588 470 2672 librumque
487 2599 551 2650 tam
569 2593 770 2675 praeclarum,
792 2599 826 2649 ut
844 2586 984 2668 glossarii
1004 2582 1141 2648 conditor

100 2708 154 2770 pro
175 2687 410 2770 prudentissimo
430 2690 497 2752 viro
515 2690 691 2768 habendus,
715 2692 841 2776 scriptor
860 2690 1006 2774 epistolae
1028 2697 1140 2765 contra,

100 2799 134 2848 ut
147 2789 246 2848 ultimi
257 2789 326 2850 aevi
339 2785 517 2866 Graeculus,
541 2791 779 2854 contemnendus
793 2792 840 2854 sit.
883 2789 1081 2867 Intelligimus
1094 2799 1141 2848 ta-

100 2910 189 2965 men,
217 2887 453 2951 Valckenarium
470 2889 623 2953 interdum
641 2891 765 2976 quidem
784 2913 857 2956 vere
875 2889 1042 2968 iudicasse3
1069 2887 1141 2949 uni-

98 3012 187 3054 verse
201 3001 303 3053 autern
315 2989 410 3051 nimia
424 2988 584 3075 cupiditate
599 2992 766 3073 seductum,
783 2995 841 3056 alia
853 2994 933 3056 male
947 2989 1140 3067 intellexisse,

99 3095 158 3156 alia
169 3094 249 3156 iusto
263 3092 415 3167 severiore
430 3114 553 3156 censura
565 3095 783 3179 perstrinxisse.

184 3193 365 3280 Quicunque
386 3206 523 3257 accurate
545 3207 576 3259 et
596 3196 754 3278 diligenter
771 3196 899 3283 perlegit
912 3195 1088 3281 epistolam,
1109 3193 1140 3256 ei

100 3308 182 3358 extra
202 3297 440 3361 controversiam
460 3317 568 3360 verum
590 3320 658 3361 esse
677 3298 845 3362 videbitur:
878 3299 943 3361 eius
963 3297 1140 3383 scriptorem

100 3399 201 3459 omnis
219 3400 252 3460 in
272 3398 403 3461 dicendo
424 3396 590 3478 elegantiae
610 3412 765 3485 expertem
782 3400 892 3460 miram
914 3398 1056 3460 adamare
1072 3398 1140 3459 ine-

98 3510 244 3585 ptamque
256 3504 419 3563 verborum
433 3501 676 3587 exsuperantiam
691 3523 748 3563 nec
763 3504 890 3565 obscura
901 3500 1030 3586 prodere
1042 3499 1140 3579 negli-

100 3601 220 3681 gentiae
233 3600 328 3680 signa.
369 3603 526 3688 Exemplis
539 3624 604 3664 non
625 3588 701 3687 opus
716 3615 770 3665 est.
814 3601 899 3680 Quid
912 3602 1018 3666 enirn?
1039 3600 1140 3662 nemi-

99 3705 132 3766 ni
144 3708 206 3764 rion
220 3705 383 3767 molestum
397 3708 452 3767 erit
464 3700 586 3782 πάσας,
609 3707 704 3782 πᾶσι,
726 3699 831 3780 πάσας
851 3702 891 3766 ad
905 3705 1073 3767 satietatem
1086 3723 1139 3765 us-

99 3828 158 3893 que
170 3805 348 3891 repetitum
379 3806 515 3871 additum
528 3808 603 3871 illud
618 3803 720 3891 ὁμοῦ;
751 3809 941 3893 membrum,
963 3808 1051 3891 quale
1075 3803 1137 3867 hoc

99 3919 160 3986 est,
193 3899 321 3986 „uritis
341 3904 409 3989 ἰδίᾳ
429 3906 510 3990 χειρὶ
531 3905 702 3992 γράφων
723 3904 786 3992 ἐγώ
807 3903 887 3992 μετὰ
908 3902 1016 3989 πάσης
1037 3899 1138 3987 ὀρθό-

98 4031 193 4092 τητος
214 4005 271 4077 καὶ
290 4002 524 4094 ἀκριβεστάτης
542 4012 731 4094 γραφῆς“
752 4024 783 4075 et
803 4012 863 4075 clia
878 4011 998 4075 similia.
1040 4006 1139 4072 resa
1198 4067 1218 4112 Ἣ.
1248 4067 1251 4072 ,
