2534 4644
168 351 172 359 ι

148 445 232 525 digni
255 455 340 526 sunt3
361 441 414 528 qui
432 462 496 504 non
513 439 676 517 hominm
694 438 844 506 desidiam
869 439 1028 520 adiurare,
1071 439 1128 504 sed
1145 444 1193 504 le·
1258 478 1261 483 ·

149 548 285 629 gentium
312 542 522 609 commoditati
549 526 736 624 suddurrere,
775 553 808 607 et
835 542 1010 605 omittendis
1038 544 1193 623 omnibus,

149 670 227 734 quae
247 669 311 710 non
329 647 499 710 necessaria
522 657 621 724 erant,
649 647 743 709 libros
762 645 803 708 ad
824 666 914 708 usum
944 647 1041 708 multo
1060 647 1194 731 aptiores

149 748 277 817 reddere
299 749 543 834 concupivenrnt.
588 746 651 810 Sed
665 749 726 809 hoc
741 750 845 810 labore
859 769 917 811 suo
938 769 1030 833 saepe
1041 751 1093 812 vel
1105 749 1195 812 inviti

151 852 324 933 effecertmt,
342 864 376 914 ut
388 849 546 932 grandima
559 850 611 911 illa
616 851 774 913 volumina
780 851 1002 930 negligerentur
1014 861 1045 912 et
1051 851 1193 936 perirent.

152 948 225 1032 Quo
239 957 336 1034 facto,
358 977 422 1017 non
436 975 504 1016 raro
521 952 612 1038 primi
624 953 771 1015 librorum
784 965 921 1015 auctores
934 974 975 1014 ne
987 953 1113 1014 nomina
1127 953 1195 1038 qui-

153 1053 226 1116 dem
237 1076 292 1117 sua
306 1057 474 1141 posteritati
492 1053 692 1133 tradiderunt,
713 1067 870 1140 totamque
888 1077 992 1134 suam,
1014 1053 1150 1117 doctrina
1163 1067 1196 1117 et

153 1150 308 1237 ffientia
324 1170 441 1244 partam
461 1158 589 1238 gloriam
604 1158 852 1243 epitomatoribus
866 1158 1064 1242 reliquenmt3
1088 1158 1118 1218 'ii
1138 1179 1194 1219 au-

153 1269 230 1337 tem,
253 1260 361 1343 quibus
378 1262 562 1339 suffecisset,
583 1260 610 1322 si
629 1260 712 1322 libris
731 1261 794 1322 suis
812 1261 878 1322 sine
891 1261 986 1321 multa
1001 1280 1093 1343 opera
1107 1281 1195 1321 com-

62 1432 65 1439 ,
153 1360 258 1445 positis
272 1363 353 1448 apud
364 1376 504 1449 posteros
519 1361 683 1433 industriae
691 1362 905 1424 'testimonium
921 1361 1112 1438 habuissent,
1132 1360 1195 1422 im-

16 1444 19 1451 ·
42 1432 66 1479 ‘²'
153 1464 261 1525 merita
276 1467 410 1528 nominis
430 1469 514 1528 fama
532 1468 678 1525 fruuntrm
720 1463 761 1525 Ut
781 1476 884 1526 autem
903 1473 1006 1526 nostra
1018 1472 1130 1539 aetate,
1150 1461 1194 1522 ita

152 1565 216 1626 iam
232 1567 317 1652 upttd
338 1578 457 1632 veteres
476 1565 510 1627 in
532 1568 616 1628 nullo
630 1567 795 1628 litterannn
808 1587 935 1646 genere,
956 1564 1077 1650 saepius
1091 1583 1196 1625 excer-

152 1664 262 1748 pendis
284 1666 549 1753 describendisque
569 1669 798 1731 aliommlibris
820 1688 948 1752 operam
971 1665 1119 1726 dederimt
1134 1665 1197 1725 bo·

153 1766 267 1846 mines,
287 1791 380 1853 quam
394 1773 428 1831 in
440 1771 559 1848 lexicis,
582 1780 797 1854 quaevocant‚
819 1764 1046 1828 concinnandis.
1078 1764 1115 1826 Id
1127 1766 1197 1850 ipsa

153 1867 240 1946 origo
254 1873 420 1934 multorum
433 1873 602 1935 lexicorum
618 1869 718 1932 docet.
760 1868 809 1930 Ex
820 1867 1046 1929 commentariis
1061 1866 1145 1927 enim
1155 1865 1197 1927 ad

152 1965 289 2048 singulos
304 1975 464 2060 scriptores
484 1970 691 2058 explanandos
711 1970 887 2056 compositis
904 1973 1042 2054 exparte
1058 1971 1196 2030 confecta

152 2080 238 2148 sunt,
257 2071 335 2137 dum
347 2078 399 2138 alii
417 2097 519 2139 rerum
533 2075 653 2160 copiam
665 2075 710 2137 ibi
723 2074 918 2159 explicatam,
941 2072 993 2133 alii
1007 2072 1197 2150 singulorum

153 2173 372 2240 vocabulorum
396 2170 670 2264 interpretationes,
702 2176 755 2238 alii
780 2178 863 2255 leges
891 2175 1117 2254 grammaticas,
1144 2175 1197 2234 alu

34 2331 43 2336 .
153 2272 211 2333 alia
225 2276 283 2338 sibi
298 2281 465 2361 seligebant
476 2290 506 2340 et
515 2279 716 2364 peculiaribus
729 2279 895 2357 vulgabant
906 2276 999 2338 libris.
1040 2275 1107 2337 Iam
1120 2295 1195 2338 vero

153 2395 249 2457 quum
264 2390 328 2440 orta
345 2390 446 2443 essent
460 2380 577 2458 denica,
596 2381 651 2440 alii
664 2382 754 2441 rebus
768 2377 980 2439 inmeliorem
992 2375 1132 2438 ordinem
1147 2373 1196 2435 di-

154 2475 309 2557 geoeudis,
331 2481 383 2542 alii
401 2479 615 2542 additamentis
635 2481 713 2560 suis,
736 2479 788 2541 alii
809 2478 1072 2541 emendationibus
1088 2497 1196 2538 neces-

153 2576 253 2657 sariis,
289 2582 341 2642 alii
359 2583 418 2644 alia
438 2580 556 2644 ratione
574 2582 721 2668 prodesse
744 2581 915 2666 cupientes,
945 2580 1082 2666 priorum
1103 2600 1197 2663 opera

152 2673 262 2740 iterum
272 2682 442 2769 iterumque
454 2687 629 2764 vulgarunt3
651 2706 749 2769 neque
761 2696 900 2770 poterant
914 2703 1050 2769 unquam
1061 2683 1197 2761 singulo-

152 2798 222 2841 rum
235 2782 400 2848 industriae
422 2787 608 2870 honorisque
628 2786 784 2872 cupiditati
803 2785 843 2847 ad
860 2806 944 2851 nova
964 2806 1057 2872 opera
1078 2782 1197 2847 edenda

153 2885 329 2949 occasiones
344 2899 374 2949 et
387 2910 511 2952 caussae
529 2887 646 2950 deesse.
689 2887 761 2950 Non
776 2889 847 2949 licet
861 2889 951 2951 nobis
964 2899 1080 2950 tantam
1093 2885 1196 2946 bomi-

153 2980 229 3043 num
246 2985 426 3050 industriam
446 2990 563 3069 mirari,
586 2991 637 3076 qui
658 3001 759 3053 nostra
783 2999 881 3050 aetate
893 2989 1004 3050 eadem
1018 2986 1059 3048 ad
1073 2985 1194 3046 satieta-

152 3091 216 3144 tem
230 3107 326 3171 ustpre
346 3091 470 3176 repetita
488 3104 519 3154 et
531 3104 678 3156 renovata
692 3090 868 3169 videamus3
898 3087 955 3151 sed
975 3088 1109 3172 querelas
1123 3086 1194 3144 lun-

151 3181 226 3245 dere
240 3208 303 3249 non
315 3191 461 3254 iniustum
481 3193 614 3273 videtur,
638 3192 721 3278 quod
738 3191 964 3275 excerpentium
977 3200 1008 3250 et
1020 3186 1194 3248 describen-

152 3284 230 3347 tium
244 3286 398 3370 diligentia
411 3306 526 3358 tantam
541 3296 580 3357 de
592 3295 675 3358 libris
690 3293 827 3374 genuinis
839 3293 999 3357 victoriam
1012 3287 1193 3373 deportavit.

153 3383 276 3450 Etenim
299 3396 382 3476 quod
399 3420 439 3459 ne
455 3400 566 3462 nostris
584 3397 667 3460 libris
689 3396 858 3474 contingat,
886 3395 1088 3456 vehementer
1107 3401 1194 3475 opta-

84 3556 86 3563 ,
152 3507 238 3554 mus:
260 3491 293 3553 id
307 3498 428 3568 fortuna
446 3500 578 3584 quadam
595 3500 655 3560 iltis
666 3499 819 3562 veteribus
835 3493 959 3572 accidit,
980 3505 1015 3554 ut
1027 3492 1079 3577 qui
1087 3494 1194 3577 philo-

152 3589 252 3670 logifle
266 3598 364 3680 prima
383 3596 582 3662 fundamenti
600 3609 779 3684 posuerunt,
803 3618 910 3659 eorum
931 3617 1024 3683 opera
1035 3596 1193 3658 utilissima

151 3702 182 3751 et
198 3698 314 3779 optima
335 3702 505 3763 interirent:
535 3701 559 3762 ii
582 3712 685 3763 autem
700 3701 752 3786 qui
764 3720 871 3761 eorum
884 3697 1021 3761 doctrina
1032 3699 1134 3776 abusi,
1155 3698 1193 3757 li-

150 3791 222 3856 bros
241 3818 349 3860 eorum
379 3815 572 3886 cormperant
595 3804 709 3884 magis,
743 3823 837 3888 quam
856 3803 1069 3880 emendarent,
1102 3797 1192 3860 novis

151 3890 335 3961 editionibus
352 3900 414 3964 suis
432 3915 534 3968 nostra
547 3917 651 3968 aetate'
666 3907 699 3969 in
714 3903 876 3968 hominum
888 3906 1037 3968 memoria
1053 3900 1190 3962 floreant·

118 3995 125 4018 ⁸
237 3997 349 4062 Eantm
379 4022 481 4066 rerum
511 4011 686 4094 exemplum
710 4010 896 4072 luculentum
922 4008 1045 4095 praebet
1071 4002 1192 4065 lexicon
