2534 4644
225 292 252 345 ι
286 356 301 383 ,
340 224 414 443 Q
642 370 663 409 ι

99 465 193 541 κοδι,
223 463 280 529 καὶ
305 456 535 540 τούς-αὐλούς
564 461 598 528 δὲ
625 463 763 538 λωτίνας
792 457 937 546 άηδόκας
964 485 1031 528 που
1052 461 1135 548 ἔφηιι

98 556 231 650 Etymol.
247 569 307 630 ihs.
324 565 404 628 Bibl.
422 568 538 645 regiae,
566 565 689 628 Ruhnk.
708 589 738 651 p.
752 564 817 643 IX,
847 559 1025 648 „Karios
1056 564 1135 647 ἕψη-

99 668 145 752 μά
164 692 196 732 τι
218 666 264 732 δι’
289 668 424 749 αἵματος
443 666 499 730 καί
521 663 715 759 ἀρτυμάτων
737 668 911 732 παντοίων.
935 665 953 736 ὁ
976 666 1010 732 δέ
1032 670 1136 734 Δίδυ-

99 794 143 855 μμ
197 767 326 835 Λύδιον
360 764 478 852 βρῶμά
516 740 924 859 φησιίίὲῑδέίῗπολυτελοῦς
964 773 1138 848 σκευασίας

101 795 323 955 &reciperen
344 865 406 952 ἐγώ
429 867 464 934 δέ
490 863 613 955 οίμαμῖ
663 862 751 959 [νην
766 866 847 934 αάτδ
870 868 1030 953 λέγεσθαι,
1054 873 1138 939 ίιιει-

73 1008 78 1017 ·
103 973 145 1056 δὴ
166 973 267 1055 μέλαν
288 971 368 1036 ἐστί·
390 971 469 1054 φησὶ
491 968 581 1059 γάρὴ,
705 973 842 1058 Κωμικῇ
864 971 964 1050 λέξει,
994 972 1046 1039 ὅτι
1072 973 1138 1040 ἐστὶ

103 1074 276 1155 Καρύκιον
305 1071 518 1156 καρυοβαφές
547 1060 600 1134 κάλ
622 1062 756 1149 Κάρυος
778 1070 873 1153 ῥόος,
904 1069 978 1159 οἷον
1000 1077 1139 1158 μέλοι·ος

104 1173 189 1257 ῥόος.
214 1173 340 1240 οὐκοῦν
362 1175 397 1240 ἐκ
419 1167 655 1256 τούτουιοίμαι
683 1170 808 1255 λέγεται
829 1176 974 1260 καράκη·
1006 1172 1069 1240 οὐκ
1092 1173 1148 1241 οί-“

103 1278 145 1341 δα
168 1276 218 1348 δέ,
243 1279 270 1340 εί
291 1280 428 1355 καλῶςίέ,
449 1298 526 1362 quae
540 1279 714 1340 suntverba
726 1275 798 1353 Ori,
821 1288 855 1337 ut
875 1279 1005 1340 ostendit
1022 1302 1061 1340 ex
1072 1282 1138 1342 cod.

101 1381 194 1443 Paris.
206 1380 296 1442 Imm.
309 1379 466 1445 Behkerus
480 1377 622 1439 Anecdd.
634 1401 665 1462 p.
681 1381 772 1441 1386.
794 1379 928 1460 Hespth.
951 1375 1140 1463 ,,Καρυ’κκη·

103 1470 272 1562 περίεργος
296 1477 408 1563 ζωμός.
438 1482 554 1563 βρῶμα
576 1479 702 1542 Λύδιον
731 1476 763 1556 ἐξ
792 1479 928 1560 αἵματος
956 1480 1011 1545 καὶ
1034 1479 1142 1545 άλλων

102 1579 300 1666 ἡδυσμάτων
335 1582 564 1664 συγκείμενον,
606 1576 667 1661 άφ’
692 1571 733 1644 οὗ
760 1578 798 1644 ri
827 1580 1059 1663 συνταράττειν
1087 1583 1142 1646 καὶ

104 1681 276 1750 άναδεάειυ
299 1683 506 1765 καρυκκείειν
529 1681 640 1765 φασί.“
682 1681 732 1744 Ac
751 1685 864 1768 reliqua
883 1707 1019 1770 quoque,
1046 1709 1143 1771 quan-

104 1810 195 1872 quam
216 1802 367 1873 corrupta,
397 1800 499 1848 tamen
518 1797 664 1871 apparent
675 1794 706 1846 s.
727 1805 779 1847 vv.
804 1785 1030 1868 Καράκκινον,
1060 1789 1143 1873 quod

61 1948 65 1955 .
104 1888 249 1951 Alhertus
268 1903 298 1950 et
310 1890 510 1951 Ruhnkenius
524 1911 578 1972 pro
602 1881 635 1955 ιε’
659 1882 803 1966 ἐρυμνὸν
823 1892 956 1973 positum
977 1915 1043 1954 esse
1063 1895 1144 1953 mole

85 1971 311 2067 nummorum,
333 1985 600 2069 ε1,,Κάρυμνον’
626 1985 727 2066 μέλαν
749 1999 779 2047 et
795 1991 1001 2072 Καρυχροῦς,
1024 2015 1143 2071 καρυο-

107 2093 263 2172 βοιροῦς.“
306 2091 351 2152 Ea
362 2092 440 2151 inter
458 2112 491 2151 se
505 2098 693 2172 comparata,
714 2089 824 2169 facile,¹
837 2104 870 2152 ut
884 2094 990 2170 credo,
1013 2117 1030 2154 a
1046 2096 1146 2173 sagaci

106 2195 233 2255 homine
246 2195 436 2272 corrigentur.
447 2230 485 2240 -
504 2191 602 2252 Bekk.
615 2189 757 2251 Anecdd.
772 2190 796 2268 l,
810 2182 841 2276 p.
854 2193 926 2272 471,
943 2201 991 2258 19.
1013 2190 1145 2278 ,ζ’Λφλα.

108 2311 184 2358 στα·
213 2292 253 2358 τά
282 2289 489 2373 ἀκροστόλια.
516 2288 771 2370 Ἀπολλόδωρος.
815 2290 833 2356 ὁ
865 2291 899 2358 δὲ
926 2294 1074 2376 Δίδυμος
1108 2294 1145 2359 τὸ

107 2393 160 2460 ἐπὶ
182 2400 238 2479 τῆς
259 2394 409 2477 πρύμνης
440 2395 485 2470 είς
512 2391 600 2470 ὕψος
621 2391 656 2457 ἐκ
681 2394 848 2458 κανονίων
875 2395 1023 2460 πλατέων
1044 2395 1145 2461 ἐπικε-

107 2498 300 2582 καμμένον“
335 2501 470 2581 Hesych.
507 2493 727 2580 ,,”Αφλαστον·
765 2492 803 2560 τὸ
838 2491 1070 2579 άκροστόλιον·
1109 2497 1145 2562 τὸ

108 2597 214 2680 άκρον
243 2605 299 2683 τῆς
327 2597 478 2682 πρύμνης
507 2596 750 2679 άτιοτεταμέυον
779 2597 825 2672 είς
849 2596 966 2678 trost,
997 2598 1148 2684 quibusip‘

108 2703 347 2763 interserendum
360 2724 427 2763 esse
443 2702 572 2762 videtur.
596 2740 636 2748 —
657 2702 703 2761 lb.
717 2722 748 2782 p.
765 2699 854 2762 1432.
882 2697 1024 2777 ,,ψάλυξ,
1047 2701 1148 2776 ψάλυ-

109 2810 192 2882 yos)
210 2797 295 2873 τκιὲς
316 2798 374 2880 μέν
396 2798 453 2875 τάς
473 2799 583 2880 τρίχας
605 2796 755 2872 ἐδέξαντο
778 2799 948 2879 σημαίνειν
972 2798 1031 2881 τὴν
1054 2801 1150 2879 λέξιν.

111 2902 262 2980 Δίδυμος
286 2898 320 2964 δέ
350 2917 431 2984 φησι
458 2897 536 2974 τούς
563 2897 711 2972 ἀσθενεῖς
735 2904 920 2980 σπινθῆρας
945 2901 1068 2982 δηλοῦν
1090 2902 1151 2985 τήν

110 3001 226 3081 λέξιν.“
267 3003 424 3070 Bekkerus
449 3026 542 3088 quarn
567 3004 727 3064 infeliciter
759 3003 965 3066 emendaverit
989 3003 1148 3087 φεψάλυξ,

110 3107 243 3170 ostendit
264 3108 435 3188 Hesychius
468 3103 663 3187 ,μίαλύγωνΙ
694 3101 778 3166 ἔνιοι
798 3101 948 3186 ψάλυμας
972 3107 1058 3184 (cod.
1082 3097 1175 3184 tra-⁸

110 3207 189 3292 γάς)
220 3206 276 3284 τάς
303 3196 479 3290 Afflictis
505 3201 653 3289 ψυχάς·
682 3202 818 3288 άμεινου
841 3205 875 3271 δὲ
898 3210 986 3287 (cod.
1011 3208 1066 3273 καὶ
1087 3235 1149 3272 non

110 3304 211 3391 male)
244 3307 323 3384 τούς
351 3305 499 3382 άσθευεῖς
527 3311 740 3388 σπινθῆρας,“
791 3309 875 3368 Ηιιοτ
902 3312 1042 3393 exempla
1066 3314 1152 3372 suffi-

113 3415 192 3474 ciant
211 3411 249 3470 tle
261 3411 414 3491 Didymo.
453 3411 508 3472 Ad
528 3410 691 3471 Thoonem
711 3407 929 3470 transcundum
950 3424 1010 3491 est3
1034 3412 1150 3498 dequo

111 3519 175 3575 fere
189 3514 266 3573 nihil
280 3516 351 3573 certi
362 3516 511 3591 offirmare
530 3512 619 3573 nobis
637 3513 716 3570 licet.
758 3509 834 3570 Fere
854 3513 968 3596 ubique
988 3516 1070 3575 enirn
1087 3518 1152 3578 eius

112 3636 227 3676 nomen
243 3617 415 3697 cormpieHs
429 3619 622 3677 obscuratum
637 3624 691 3673 est.
724 3608 813 3689 Quae
830 3613 1018 3694 Phrynichus
1033 3618 1064 3676 in
1079 3616 1153 3702 Epi-

112 3728 188 3776 tom.
200 3737 231 3797 p.
243 3718 314 3777 377.
331 3715 379 3776 ed.
395 3717 527 3778 Lobeck.
543 3716 582 3776 de
596 3736 673 3777 voce
688 3710 820 3792 σακράυ
843 3718 898 3793 ait,
923 3730 1058 3801 exparte
1072 3720 1153 3804 apud

113 3817 302 3896 Hesychiurn
320 3816 526 3894 inveniuntur,
557 3840 580 3879 s.
602 3839 631 3879 v.
655 3812 801 3892 σαπρόν,
831 3813 980 3900 αἰσχράν,
1008 3816 1153 3902 άκάδαρ-

112 3941 185 3997 τον,
208 3917 263 3981 sed
275 3916 326 3996 ita,
347 3930 412 3979 uta
426 3919 590 4000 Phrynichi
603 3921 838 4005 reprehensione
852 3921 944 3984 libera
958 3923 1026 3985 sint.
1064 3920 1153 4001 Quae

114 4034 268 4110 praeperea
281 4020 391 4100 accinit,
414 4044 452 4083 ex
464 4020 587 4084 scholiis
602 4021 642 4083 ad
661 4021 857 4084 Theocritum
880 4024 995 4109 scriptis
1010 4023 1154 4108 deprom-
