2534 4644
1107 284 1149 345 sl

82 470 84 473 ¹
111 459 193 527 tasse>
207 467 280 512 suae
301 448 372 511 sisi·
384 447 604 512 inconstantiae
615 447 681 533 ipse
694 447 757 509 non
783 445 935 527 conscius,
958 446 1041 510 rillius
1059 448 1152 512 inter-

109 549 310 634 pretationem
323 552 509 631 negligebat,
532 570 679 635 suumque
699 550 793 636 ipsius
805 540 951 612 iudicium
961 553 1150 636 sequebatur.

108 650 253 713 Albertus
266 651 356 730 igitur
370 674 437 715 rem
448 653 490 715 ita
508 653 604 737 oepit:
627 649 925 735 Περιεργοπένητερ
935 665 1007 717 sunt
1018 651 1151 736 ιιίιριες

108 752 292 834 περίεργοι,
314 775 461 840 pauperes
480 755 588 816 curiosi
599 757 650 817 vel
665 756 948 840 curiosopauperes,
983 756 1065 816 utin
1080 777 1151 819 ver-

108 861 155 922 bis
168 860 348 922 monstrosis
362 855 529 920 formandis
539 868 610 942 post
621 855 854 943 Alberturnzipsi
866 879 988 942 quoque
1000 857 1150 942 periclite-

108 983 187 1022 mur.
228 960 350 1040 Egenos
372 961 455 1022 enim
476 961 557 1020 male
578 960 709 1037 invexit,
735 963 787 1019 cfr.
810 957 912 1043 Intptt.
937 960 1028 1044 antiq.
1051 972 1081 1022 et
1094 983 1160 1023 -re-.

109 1064 256 1125 centiores
279 1062 318 1124 ad
337 1056 502 1146 Aristoph'
517 1061 594 1123 Plut.
617 1060 678 1124 548
692 1082 775 1146 seqq.
818 1063 944 1125 Librum
956 1061 1045 1140 igitur
1059 1068 1149 1123 suurn

107 1165 316 1246 Diogenianus
335 1166 518 1251 pauperibus
537 1164 701 1225 litterarum
722 1184 870 1248 perquam
887 1160 1030 1225 studiosis
1047 1162 1148 1226 desti-

105 1270 198 1332 navit.
241 1267 277 1331 In
293 1265 425 1330 eandem
436 1267 619 1328 sententiam
642 1263 845 1327 Schneiderus
858 1263 890 1324 in
904 1266 1003 1326 lexico
1023 1287 1147 1346 graece-

106 1372 279 1449 germanico
288 1388 399 1431 vocem
410 1367 617 1450 interpretatus
626 1379 696 1430 ests
707 1367 764 1428 der
770 1365 852 1427 Titel
861 1366 946 1428 eines
952 1363 1084 1445 Buches,
1098 1367 1148 1428 fiir

105 1494 190 1533 anne
211 1468 392 1532 Studirende
419 1469 632 1547 geschrieben,
664 1468 724 1531 den
745 1468 893 1549 Hesychii
915 1464 1055 1530 Vorrede
1075 1490 1148 1532 zum

106 1572 220 1632 Lexico
232 1570 394 1650 ιιιιίῖίίιιῑςιι
414 1589 514 1653 neque
534 1572 620 1632 aliter
632 1571 807 1634 Passouu'us
822 1570 941 1655 aliique.
984 1569 1088 1656 anue
1098 1572 1147 1632 in-

104 1673 291 1758 terpretatio,
313 1674 339 1735 si
352 1694 419 1735 rem
432 1673 532 1756 ipsam
544 1685 734 1758 spectamus,
755 1696 818 1735 non
832 1674 934 1758 inepta
952 1685 1007 1736 est.
1050 1675 1147 1737 Verbi

104 1796 209 1837 caussa
225 1774 391 1854 Lucienus,
412 1769 496 1854 πρὸς
509 1769 710 1840 ἀπαίδευτον
725 1773 780 1839 καὶ
792 1769 902 1839 πολλὰ
913 1773 1027 1857 βιβλία
1042 1768 1145 1840 evod·

103 1896 221 1958 μενον,
246 1897 310 1961 cap.
327 1876 356 1940 l.
379 1870 445 1956 „oie
460 1874 524 1957 εἴγε
540 1873 577 1941 τὸ
591 1880 772 1962 κεκτῆσθαι
784 1873 825 1940 τοί
841 1874 954 1962 βιβλία
965 1874 1021 1944 sat
1033 1896 1144 1941 usuca

103 1976 265 2061 δευμένοιι
280 1973 442 2062 ἀπέφαινε
455 1974 515 2042 cdv
531 1974 663 2061 ἔχοντα,
687 1981 817 2044 πολλοῦ
833 1974 877 2042 ἂν
896 1973 942 2054 ὥς
957 1973 1092 2062 ἀληθῶς
1105 1975 1143 2044 τό

104 2083 211 2163 κτῆμα
225 2070 269 2165 ἦν
283 2075 388 2158 ἄξιον,
412 2077 469 2143 καί
480 2076 587 2163 μόνον
602 2075 699 2162 ὑμῶν
711 2084 779 2145 τῶν
793 2079 975 2158 πλουσίων,
993 2080 1023 2145 εί
1036 2075 1144 2164 ὥςπερ
1233 2148 1237 2155 ,

104 2179 137 2258 ἐξ
158 2178 284 2265 ἀγορᾶς
301 2169 344 2267 ἦν
366 2180 528 2263 πρίασθαι
545 2178 626 2258 τούς
646 2180 787 2266 πένητας
809 2179 894 2265 ἡμᾶς
914 2176 1142 2266 ὑπερβάλλον-

102 2285 190 2358 τας.“
232 2283 296 2346 Sed
317 2282 357 2344 ad
371 2285 561 2366 Hesychium
579 2283 740 2349 redeamus
756 2297 948 2348 necesssest.
990 2284 1144 2349 Isvouem

102 2382 224 2445 deducit
245 2404 264 2446 a
283 2381 417 2468 πένητες
438 2399 468 2449 et
489 2385 787 2470 περιεργίσασθαιι
806 2398 959 2474 praeterea
979 2410 1036 2472 pro
1057 2411 1143 2452 corn-

101 2498 186 2571 perto
206 2489 283 2550 nihil
296 2491 408 2552 heheu.
453 2489 516 2552 Sed
529 2491 589 2550 hoc
601 2490 704 2575 ipsum
724 2493 764 2559 ab
777 2512 877 2553 errore
891 2512 955 2552 non
967 2493 1072 2575 procul
1088 2492 1143 2571 aba

58 2576 61 2586 ’
101 2600 162 2666 est,
185 2611 279 2674 quum
291 2593 367 2653 ultra
380 2611 492 2656 rocem
508 2589 682 2674 περίεργον
694 2592 835 2679 progredi
848 2615 912 2654 non
924 2593 1023 2653 liceat.
1066 2592 1142 2654 Ulti-

79 2765 81 2768 .
101 2710 188 2750 mum
207 2691 283 2751 illud
296 2693 323 2752 si
337 2695 525 2777 contemplor
546 2689 737 2774 „byzacenis
757 2687 869 2757 acircio
884 2690 1082 2774 ρευίσθιιιςιι
1108 2693 1142 2754 id

101 2793 237 2874 profecto
254 2776 369 2875 optime
381 2793 518 2877 quadrat,
541 2794 568 2854 si
580 2793 620 2853 ad
638 2796 731 2856 libros
744 2795 869 2855 trahitur
880 2797 990 2871 hosce,
1013 2816 1142 2878 quorum

101 2904 260 2978 compotes
282 2893 347 2954 fieri
365 2905 502 2978 possunt.
546 2895 615 2955 Hoc
633 2897 659 2957 si
679 2897 844 2974 sumimus,
867 2890 1022 2975 ἀνευρεῖν
1042 2906 1141 2980 potest

99 3017 171 3081 pro:
193 3004 367 3081 comparare
382 2996 449 3072 sibi,
471 2991 664 3076 ἐκπορίζειν,
685 2998 798 3060 dictum
813 3019 890 3060 esse.
922 2997 968 3059 lta
984 2991 1140 3076 eripiebat

99 3092 234 3182 usurpari
247 3100 340 3177 solet,
350 3101 415 3160 cfr.
429 3097 580 3160 Ammon.
595 3099 636 3162 de
651 3099 747 3164 differ.
761 3104 879 3165 vocab.
889 3122 919 3186 p.
935 3105 984 3164 61.
995 3099 1050 3161 ed
1063 3099 1140 3161 Val-

100 3199 185 3260 cken.
206 3210 239 3260 et
254 3201 390 3262 ‘activum
409 3221 530 3286 quoque
547 3203 700 3266 interdum
719 3205 811 3267 simili
834 3204 955 3282 ratione
970 3201 1139 3279 adhibetur,

101 3302 153 3360 cfr.
170 3299 449 3382 Schweighaeuser
468 3303 501 3363 in
525 3305 638 3366 Lexico
659 3305 854 3382 Herodoteo,
876 3305 914 3366 T.
930 3304 955 3366 I.
978 3327 1009 3388 p.
1025 3309 1097 3367 297.
1113 3325 1138 3365 s.

99 3420 130 3464 v.
151 3395 314 3482 εὑρίσκειν
333 3423 365 3466 n.
388 3411 418 3468 3.
471 3404 616 3491 Superest
634 3408 724 3487 igitur
743 3405 818 3468 illud
837 3398 1137 3488 ’κεριιργασάριενορ

99 3502 183 3586 quod
196 3503 238 3564 ita
249 3507 376 3569 sonasse
390 3508 586 3592 explicabitur
599 3528 639 3569 ex
645 3509 792 3590 Hesychii
804 3520 923 3590 mente3
945 3500 1139 3597 imitabor

98 3598 245 3686 χρήματα
265 3619 312 3667 est
332 3607 412 3692 apud
425 3609 618 3672 Herodotum
630 3611 661 3688 l,
683 3610 750 3688 24,
771 3631 875 3696 parare
896 3597 1137 3696 sibiffidiiniam.

98 3703 185 3784 Quid
195 3707 308 3786 igitur?
335 3710 363 3770 si
374 3709 416 3772 ita
432 3713 531 3776 voluit
545 3711 669 3777 dicere?
696 3712 889 3791 „dummodo
910 3702 1069 3793 diligenter
1079 3733 1137 3772 un-

98 3806 189 3893 dique
206 3819 309 3894 parata
327 3813 470 3895 pecuina,
490 3817 542 3878 vel
559 3816 670 3901 par-atis
688 3818 780 3878 rebus
796 3818 862 3878 >hos
873 3816 968 3879 libros
983 3815 1137 3900 acquirere

98 3920 129 3971 et
147 3929 255 3972 comm
276 3925 434 3998 compotes
454 3916 520 3978 lteri
531 3919 709 4002 possmus
743 3918 872 3981 Tamen<
883 3918 993 3982 dubius
1012 3919 1136 3994 haereo,

98 4012 168 4095 quia
186 4013 357 4094 Hesychius
378 4014 404 4075 si
424 4014 495 4075 talia
513 4017 546 4078 iu
564 4020 616 4082 illo
638 4020 727 4084 titulo
747 4042 888 4108 expressa
902 4044 971 4086 esse
992 4017 1135 4095 crederet,
