2558 4650
1083 279 1144 372 141

99 449 243 532 profecta.
273 442 318 507 Ea
329 443 420 523 igion
433 441 589 527 Hesychio
604 439 808 524 relinquamus
818 463 944 507 necesse
956 455 1009 505 est.
1041 440 1147 522 Quum

99 561 202 613 autem
222 547 395 629 Hesychius
421 546 575 626 glorietur,
611 540 838 621 Diogenianum
859 546 963 606 omnia
990 547 1146 625 collegisse

97 652 208 729 lexica,
231 671 309 736 quae
320 669 417 733 usque
433 645 473 712 ad
490 647 574 735 illam
595 644 728 706 aetatem
746 644 856 729 scripta
872 657 971 709 erant:
995 649 1053 708 alia
1074 671 1145 711 eum

96 765 169 840 post
186 751 415 833 Diogenianum
443 748 564 812 condita
592 746 710 806 iurem
733 766 821 808 suam
842 749 982 826 vertisse,
1010 753 1144 814 maxime
1193 779 1196 783 ·

97 857 255 942 probabile
267 854 331 920 erit.
374 850 413 913 Et
426 872 520 936 quum
540 847 750 926 Diogenianus
768 849 972 927 ethnicorum,
995 858 1071 935 quos
1085 875 1144 918 vo-

98 969 176 1037 cant,
194 957 381 1042 scriptorum,
403 974 505 1032 voces,
525 963 559 1012 ut
575 946 660 1011 idem
680 949 863 1032 pronuntiat,
886 971 994 1015 onmes
1011 954 1143 1038 explica·
1168 973 1171 980 ’

97 1059 190 1120 verit:
219 1053 291 1140 quid
310 1065 400 1117 restat
421 1053 518 1131 aliud,
541 1072 632 1137 quam
657 1049 754 1111 lexica
778 1047 845 1129 illa,
868 1054 975 1136 quibus
995 1052 1093 1122 Vetus
1113 1068 1143 1116 et

96 1157 220 1222 Novum
232 1155 463 1219 Testamentum
477 1153 673 1240 explanatur?
690 1145 775 1213 'Hinc
789 1143 880 1231 ig'itur
892 1163 991 1221 totum
1002 1158 1066 1223 fere
1080 1155 1142 1237 Cy.

96 1261 153 1322 rilli
164 1259 285 1322 lexicon
298 1259 453 1340 Hesychio
467 1259 561 1335 inest,
582 1255 654 1316 hinc
674 1255 791 1333 singula
809 1253 960 1339 quaedam
975 1279 993 1319 e
1007 1259 1142 1321 christia-

95 1361 143 1425 nis
157 1361 368 1447 scriptoribus,
391 1369 424 1420 ut
440 1381 477 1422 ex
490 1357 679 1444 Epiphanio,
701 1378 765 1417 non
777 1378 844 1419 raro
857 1369 1007 1443 petuntru.

179 1465 236 1526 His
256 1462 425 1546 explicatis,
448 1462 524 1522 nihil
539 1459 668 1544 amplius
686 1457 880 1522 dubitationis
891 1471 1038 1544 superest.
1078 1458 1140 1529 Co÷

95 1567 257 1646 gnovimus
285 1564 383 1640 enim,
417 1563 606 1644 Hesychium
630 1560 859 1639 grammaticum
887 1560 1139 1639 Alexandrinum,

94 1669 255 1752 hominem
269 1666 477 1743 christianum,
505 1665 557 1748 qui
572 1666 699 1735 fortasse
712 1687 775 1727 non
792 1665 945 1726 iinmerito
959 1665 1058 1725 ultimi
1071 1645 1140 1727 aeti

96 1766 261 1831 Graeculus
274 1767 479 1830 Valckenario
496 1777 621 1829 vocatus
636 1777 696 1844 est,
713 1765 852 1851 Opuscc.
867 1764 884 1827 Ι
893 1813 900 1842 ,
922 1787 952 1850 p.
969 1764 1037 1828 151.
1059 1762 1139 1824 Dio-

95 1872 216 1950 geniani
229 1871 318 1932 nobis
332 1892 469 1936 servasse
483 1868 620 1949 lexicon,
643 1867 699 1930 sed
713 1869 764 1946 ita,
785 1880 818 1930 ut
833 1868 900 1953 ipse
913 1888 953 1928 ne
970 1866 1059 1929 sciret
1072 1866 1139 1950 qui-

96 1970 169 2032 dem
188 1982 337 2048 accurate,
366 1993 458 2055 quam
476 1971 595 2048 insigne
621 1969 654 2031 id
677 1981 773 2047 esset,
801 1990 901 2054 neque
921 1981 1039 2047 nosset,
1068 1982 1138 2031 ante

95 2069 322 2149 Diogenianum
347 2070 541 2155 Pamphilum
566 2091 709 2149 magnam
738 2071 905 2133 lexicorum
928 2071 1139 2133 collectionem

92 2172 267 2234 instituisse.
315 2173 387 2259 Ipse
404 2175 549 2258 quoniam
574 2193 641 2234 sese
664 2194 718 2233 sua
745 2194 839 2235 manu
859 2172 1013 2255 scripsisse
1035 2174 1138 2234 omnia

94 2275 250 2354 gloriatur:
280 2271 353 2359 quid
380 2272 523 2358 impedit,
552 2275 730 2357 quominus
752 2297 824 2337 eum
846 2275 889 2335 nil
907 2273 966 2335 nisi
986 2274 1138 2336 librarium

92 2377 187 2439 fuisse
208 2375 393 2461 opinemur?
424 2373 546 2439 Deinde
565 2379 778 2457 cognovimus,
810 2387 985 2460 excerptum
1012 2398 1079 2438 esse
1099 2398 1139 2439 ex
1237 2435 1244 2449 .

94 2479 153 2540 alio
166 2465 287 2554 librum,
299 2476 356 2538 sed
370 2497 435 2537 non
449 2489 520 2562 post
533 2479 723 2558 Hesychium
738 2499 755 2540 a
768 2479 899 2555 libraria,
912 2476 969 2539 sed
982 2490 1051 2539 ante
1065 2501 1136 2540 eum

94 2579 329 2660 aDiogeniano.
352 2576 537 2640 Tenendum
549 2588 654 2641 tamen
666 2592 720 2657 est,
737 2579 775 2642 de
792 2602 852 2664 quo
867 2580 931 2641 iam
942 2593 1030 2642 antea
1044 2585 1137 2643 locuti

94 2703 216 2769 sumus,
245 2682 391 2742 nonnulla
417 2680 607 2761 Hesychium
638 2683 790 2758 omisisse,
819 2702 883 2741 non
906 2702 998 2745 voces
1026 2687 1135 2762 solum,

95 2780 152 2845 sed
177 2782 268 2846 etiam
287 2804 401 2846 vocum
426 2783 697 2867 interpretamenta.
747 2781 915 2867 Imprimis,
941 2795 987 2871 nt
1000 2786 1137 2870 suspicor

97 2893 200 2945 contra
213 2884 399 2963 singulorum
421 2885 684 2964 grammaticorum
704 2887 844 2963 nomina,
873 2907 1003 2969 quorum
1022 2889 1055 2948 in
1071 2889 1136 2972 epi-

94 2987 173 3048 stola
189 3005 244 3047 sua
256 3006 320 3046 non
331 2986 484 3065 meminit,
506 2987 629 3047 licenter
649 2999 797 3065 grassatus
814 2997 868 3063 est.
912 2986 1052 3072 Denique
1067 3012 1136 3073 per-

34 3138 39 3144 .
92 3086 230 3172 spexisse
248 3107 307 3148 nos
329 3085 493 3166 credimus,
521 3086 726 3149 additamenta
755 3110 848 3175 saepe
867 3111 1009 3174 perversa
1029 3113 1093 3151 non
1118 3113 1136 3151 a

92 3188 219 3252 librariis
244 3187 373 3267 intrusa,
409 3189 464 3252 sed
493 3192 531 3251 ab
559 3190 714 3271 Hesychio
736 3193 871 3275 profecta
892 3193 1003 3270 fuisse,
1034 3204 1064 3254 et
1090 3214 1134 3271 ea,

92 3312 170 3376 quae
182 3301 253 3376 post
264 3291 425 3374 epistolam
433 3293 581 3371 leguntur,
604 3292 643 3352 ad
654 3294 843 3373 Hesychium
856 3303 1009 3355 auctorem
1027 3293 1134 3356 redire.

91 3393 138 3457 Ita
158 3393 258 3455 omnis
279 3394 459 3479 opinionum
482 3392 654 3471 diversitas,
677 3395 734 3456 etsi
746 3417 855 3473 nemo,
878 3394 950 3479 quid
969 3417 1075 3458 venun
1088 3399 1151 3474 sitit

91 3495 217 3574 viderit,
243 3514 367 3583 prorsus
388 3495 549 3556 evanescit.
600 3493 777 3560 Admiratus
801 3509 846 3560 est
867 3497 1056 3578 Hesychium
1077 3496 1136 3559 Ca-

91 3601 263 3697 saubonusp
279 3607 310 3658 et
325 3596 376 3680 qui
389 3596 474 3657 aliter
486 3597 635 3682 potuisset
653 3599 707 3678 vir,
732 3612 794 3663 tam
816 3599 950 3660 doctrina
964 3621 1028 3676 sua,
1045 3621 1136 3682 quam

82 3701 187 3764 animi
206 3692 357 3786 probitate
379 3700 575 3783 conspicuus,
605 3722 699 3784 quum
724 3703 802 3763 bene
827 3702 1019 3781 intelligeret,
1048 3702 1136 3763 sein

91 3800 256 3868 Athenaeo
273 3797 466 3863 emendando
486 3802 622 3864 immane
641 3815 788 3886 quantum
801 3804 860 3891 illo
879 3803 977 3864 lexico
999 3802 1136 3864 adiutum

92 3925 169 3968 esse.
213 3903 259 3968 At
271 3924 336 3966 non
348 3913 411 3965 erat
425 3903 606 3984 Hesychius,
629 3927 721 3988 quem
742 3903 954 3982 admirabatur,
976 3903 1031 3966 sed
1044 3904 1136 3965 Pam-

91 4007 202 4092 philus.
247 4005 414 4094 Obstupuit
433 4018 556 4094 propter
576 4009 776 4071 temeritatem
796 4009 931 4086 hominis
950 4018 980 4067 et
1005 4008 1069 4069 eius
1090 4030 1136 4069 er-

885 4112 927 4171 10

1150 2756 1163 2789 r*
