2534 4644
1120 285 1143 347 o

100 449 199 531 libris,
229 449 369 513 omnium
388 448 530 513 manibus
547 457 577 510 et
594 467 648 511 ore
655 447 755 539 tritis,
778 466 873 508 nemo
894 444 1031 511 instituit.
1073 449 1144 514 Non

31 584 48 613 .·.-
99 565 146 616 est
165 553 256 634 igitur
275 550 358 636 quod
382 548 435 610 diu
461 569 630 628 moremur3
657 542 851 626 accingamus
873 569 933 610 nos
960 551 1061 635 operi,
1091 550 1143 612 diu

31 614 48 667 ⁰¹
98 664 217 740 praeter
228 655 277 716 ius
291 656 399 735 fasque
418 653 572 730 neglecto3
595 661 625 711 et
639 648 712 733 quid
724 670 779 734 per
789 646 904 729 ingemi
919 652 1079 715 facultates
1095 656 1142 714 ef-

98 756 188 818 ficere
200 755 305 832 liceat,
328 753 524 839 experiamur.
590 785 592 789 ·
1202 754 1205 757 ’

183 856 289 920 Nullas
318 860 422 917 autem
447 854 547 915 critica
575 874 623 916 ars
644 854 696 917 vel
715 851 848 914 maiores
873 854 926 917 vel
957 851 1142 918 difficiliores

36 1005 40 1009 .
100 958 290 1043 quaestiones
302 958 404 1036 habet,
424 976 516 1040 quam
528 976 606 1040 quae
619 965 690 1017 sunt
704 952 743 1015 de
754 955 901 1017 librorum
915 975 954 1016 ex
967 956 1144 1040 antiquitate

100 1058 139 1122 ad
158 1080 217 1121 nos
235 1060 419 1144 perlatorum
438 1060 519 1123 veris
543 1058 723 1119 auctoribus.
770 1054 893 1117 Etenim
913 1059 1034 1138 longo
1024 1060 1140 1137 itinere,

90 1151 159 1276 'quo
179 1170 326 1222 veterum
339 1160 449 1245 scripta
469 1157 508 1220 ad
533 1181 593 1221 nos
613 1169 823 1244 perrexerunt,
850 1169 896 1219 tot
914 1161 1047 1223 fatorum
1062 1162 1142 1235 sidt-

98 1261 160 1323 iere
179 1259 367 1339 discrimina,
389 1271 423 1321 ut
442 1260 470 1321 si
490 1257 529 1320 de
551 1261 621 1323 libri
641 1271 763 1322 auctore
785 1258 950 1339 dubitatur,
971 1264 1025 1328 ιιί
1045 1248 1141 1325 ullum

98 1372 194 1442 genus
214 1359 480 1424 demonstrationis
501 1363 645 1425 omnibus
666 1360 838 1425 satisfaciat.
881 1357 988 1439 Quare
1004 1365 1075 1425 licet
1090 1384 1141 1426 sa-
1215 1398 1231 1451 ·.'..
1258 1406 1265 1431 Ι.

98 1463 137 1526 tis'
151 1466 243 1541 longa
256 1462 296 1524 sit
316 1461 558 1549 acutissimomm
578 1465 742 1526 hominum
761 1463 870 1542 series,
892 1463 944 1548 qui
957 1485 1047 1527 veros
1058 1462 1142 1527 libris

91 1575 237 1626 ‘auctores
249 1562 411 1643 vindicare,
433 1585 576 1644 gennana
591 1568 630 1628 ab
645 1565 819 1629 adulterinis
834 1576 865 1627 et
877 1563 1080 1650 suppositiciis
1094 1563 1143 1626 di-

100 1667 265 1745 stinguere,
288 1674 319 1727 et
339 1676 391 1726 aut
410 1667 537 1728 nomina
554 1669 707 1731 immerito
727 1670 868 1754 inscripta
886 1687 1063 1744 removere,
1092 1676 1143 1726 aut

42 1830 45 1834 .
99 1767 250 1829 immerito
269 1779 388 1830 remota
405 1770 568 1832 etenebris
584 1771 618 1831 in
639 1773 740 1833 lucem
759 1770 927 1857 producere
947 1764 1140 1831 studuerunt:

100 1879 203 1932 tamen
216 1880 280 1930 tam
300 1891 396 1954 pauca
410 1882 480 1933 sunt
498 1882 601 1933 aetate·
609 1881 712 1935 nostra
730 1893 804 1937 vere
819 1873 982 1956 explicata,
1003 1877 1037 1928 ut
1047 1886 1143 1929 even-

99 1983 147 2033 tus
157 1968 264 2033 studiis
277 1971 405 2033 minime
419 1971 617 2058 responderit.
661 1970 769 2051 Quid?
791 1972 876 2059 qnod
887 1969 1040 2035 interdum
1054 1966 1143 2029 dubi-

99 2074 229 2134 tationes
242 2073 498 2136 nonimminutae
511 2086 633 2159 propter
651 2076 859 2158 quaerentium
873 2084 904 2136 et
918 2072 1039 2158 copiam
1053 2080 1084 2131 et
1095 2067 1143 2130 di-

100 2173 270 2251 ligentiam,
302 2169 359 2232 sed
384 2184 489 2234 auctae
504 2195 594 2251 esse,
627 2185 658 2235 et
678 2173 868 2237 difficultates
888 2196 953 2236 non
973 2171 1142 2248 evanuisse,

100 2271 219 2336 sedvel
239 2274 337 2351 magis
351 2273 385 2333 in
395 2274 559 2337 hominum
580 2277 685 2338 oculos
698 2277 859 2339 incurrisse
871 2275 1029 2340 ridentum:
1051 2272 1093 2331 ita
1111 2279 1143 2330 ut

100 2374 208 2458 siquis
228 2375 321 2438 vellet
339 2379 487 2461 exemplis
507 2379 565 2457 uti,
587 2380 675 2442 facile
689 2381 775 2464 plura
797 2374 1143 2463 proferret'detrimenta

100 2477 149 2538 his
157 2475 273 2555 studiis,
294 2497 386 2560 quarn
399 2475 575 2541 adiumenta
588 2503 642 2566 per
657 2480 840 2543 clarissimos
853 2479 937 2544 viros
949 2479 1120 2563 importata.

185 2576 231 2639 At
244 2577 357 2664 duplex
370 2581 628 2665 imprimiegenus
642 2594 688 2644 est
700 2585 809 2643 harum
825 2580 1044 2666 quaestionum.
1071 2575 1142 2637 Ple-

100 2701 227 2763 rumque
247 2681 331 2741 enim
349 2684 464 2744 factum
484 2695 546 2761 est,
567 2695 601 2745 ut
618 2683 801 2746 fraudulenti
820 2680 979 2766 dolosique
1000 2677 1143 2741 homines

101 2791 241 2844 veterum
259 2780 342 2841 libris
360 2784 438 2843 falsa
460 2785 587 2845 nomina
605 2785 747 2846 audacter
770 2785 981 2858 inscriberent,
1019 2789 1144 2839 aut-sua

101 2886 240 2970 ipsorum
252 2903 344 2967 opera
358 2885 622 2946 celeberrimorum
634 2886 797 2946 hominum
814 2884 990 2945 nominibus
1013 2898 1144 2941 exorna-

101 2997 177 3049 rent.
221 2982 285 3064 Qui
297 3006 358 3068 quo
372 2983 522 3048 doctiores
534 2989 657 3048 fuerunt
675 2999 706 3048 et
721 2984 904 3062 callidiores,
925 3005 963 3045 eo
977 2981 1074 3059 magis
1086 2979 1145 3039 fal-

39 3126 42 3133 ·
101 3090 197 3151 laciae
214 3088 300 3168 signa
314 3098 346 3149 et
356 3098 445 3150 notas
458 3091 657 3170 occultarunt,
678 3091 711 3151 in
724 3091 832 3173 quibus
844 3081 1067 3153 subodorandie
1079 3079 1145 3164 pari

103 3203 134 3254 et
148 3189 309 3253 calliditate
325 3201 356 3252 et
368 3188 504 3252 doctrina
518 3178 653 3269 egemus.
675 3189 782 3274 Neque
788 3203 892 3253 tamen
904 3207 1025 3271 semper
1043 3186 1142 3244 fras:

103 3292 256 3355 interdum
277 3293 370 3354 etiam
384 3312 499 3354 errores
520 3292 694 3371 obtinuere3
715 3293 748 3353 in
767 3293 876 3375 quibus
887 3290 962 3375 ipsis
973 3299 1078 3348 tamen
1090 3282 1145 3344 de-

104 3393 241 3474 tegendis
259 3391 348 3456 multi
367 3403 560 3477 posterorum
571 3394 689 3454 trustra
708 3395 891 3455 laborarunt.
933 3389 1014 3453 Nam
1031 3403 1146 3448 errores

106 3514 226 3580 quoque
245 3497 342 3558 semel
363 3494 491 3558 admissi
509 3514 602 3580 quam
621 3490 745 3559 difficile
764 3494 961 3572 corrigantur,
999 3490 1146 3552 librorum

105 3607 244 3661 veterum
260 3598 385 3660 historia
410 3594 751 3680 innumerisexemplis
772 3593 883 3656 docuit.
926 3590 1029 3652 Unum
1043 3596 1146 3647 autem

106 3701 218 3760 horum
233 3717 365 3761 erronum
377 3722 472 3780 genus
485 3723 551 3763 non
563 3700 741 3782 infrequens,
754 3706 808 3758 est.
852 3691 958 3772 Quum
972 3690 1055 3752 enim
1067 3700 1147 3749 tem-

105 3821 182 3887 pora
205 3807 320 3875 essent,
351 3804 459 3884 quibus
479 3800 638 3883 grandiora
664 3818 757 3885 opera
777 3795 988 3880 displicebant,
1019 3791 1147 3874 librique

107 3899 235 3964 minoris
258 3899 349 3961 molis
372 3904 571 3987 acceptissimi
592 3913 690 3966 erant:
725 3895 916 3982 excerpendo
934 3894 1022 3958 multi
1039 3891 1147 3959 merita

109 4003 168 4068 sibi
187 4002 365 4065 contrahere
388 4002 563 4084 studebant,
606 4024 704 4090 neque
730 4010 889 4088 propterea
912 3995 1147 4085 reprehensione
