2534 4644
1050 240 1151 351 rtoo

112 459 317 522 voluminibus
331 456 454 541 accepit.
500 454 587 517 Certe
599 455 693 525 nostri
710 455 800 516 lexici
813 454 990 539 scriptorem
1006 455 1065 516 tale
1076 451 1155 539 quid¹

110 563 210 646 ipsum
229 561 378 636 indicare,
405 560 564 642 putabam,
595 577 689 640 qutun
716 557 756 618 ita
776 560 915 642 loquatur
946 551 1084 634 ,,”Αδδα·
1105 586 1148 603 -··

111 662 199 729 οὕτω
224 662 293 729 καὶ
319 657 382 738 Ἀρ.
405 655 440 724 ἐν
464 661 494 722 Γ
490 653 659 735 λώσσαιςιι,
682 679 773 742 quam
785 661 929 722 voculam
939 653 995 720 καλ
1015 656 1148 719 Valcke-

110 769 210 829 narius
230 768 262 826 in
284 763 448 826 Tlreocritt.
472 772 502 849 p'.
523 767 595 825 293.
623 772 736 822 temere
762 761 869 822 eiicere
889 762 1021 822 volebat.
1064 757 1148 828 Nihil

109 881 212 929 tamen
237 867 309 928 certi
325 864 517 949 pronuntiare
541 864 624 939 licet,
657 862 802 946 quoniam
823 859 1012 923 Artemidori
1036 860 1149 921 librum

110 972 234 1054 eiusque
245 967 380 1029 indolem
396 977 426 1026 et
446 977 584 1027 naturmn
606 983 714 1047 parum
729 964 881 1026 novimus.
925 961 988 1025 Sed
1008 962 1063 1024 erit
1082 982 1146 1024 ere

110 1081 212 1131 nostra
230 1068 379 1151 inquirere
397 1067 430 1127 in
454 1067 531 1128 ahos
547 1069 665 1142 fontes,
678 1092 680 1097 ⁴
695 1086 713 1126 e
735 1067 843 1149 quibus
858 1064 1033 1148 Pamphilus
1052 1084 1146 1127 voces

109 1168 229 1230 doricae
251 1167 369 1230 dialecti
388 1167 525 1252 proprias
548 1167 582 1227 in
600 1188 691 1230 suum
713 1168 834 1228 lexicon
854 1166 1010 1228 transtulit.
1058 1161 1157 1247 Vidit¹

109 1282 211 1332 autem
235 1271 298 1330 iam
313 1269 530 1332 Valckenarius
557 1271 614 1330 l.l.
639 1266 769 1330 Creticas
795 1269 911 1346 glossas
934 1265 1146 1328 Hermonactis

109 1394 175 1434 esse
188 1393 204 1432 a
220 1370 381 1455 Pamphilo
395 1381 559 1455 usurpatas.
574 1405 576 1409 ·
603 1367 798 1447 Quaeramus*
810 1368 907 1448 igitur,
927 1378 1028 1428 utnun
1042 1367 1145 1427 omnia

108 1494 147 1534 ex
165 1474 369 1534 Hermonacte
393 1475 430 1534 ab
451 1451 615 1533 Athenaeo
638 1469 784 1555 producta
807 1472 840 1533 in
857 1470 1013 1551 Hesychio
1030 1479 1144 1559 nostro,
1194 1491 1197 1495 ·

107 1573 133 1634 si
146 1574 245 1634 minus
256 1574 370 1652 integre
385 1595 419 1634 ac
433 1576 538 1659 plane,
566 1573 607 1632 ita
626 1584 728 1633 tamen
744 1583 777 1633 ut
794 1593 861 1634 rem
879 1573 968 1633 facile
984 1568 1145 1662 dignosca-

107 1695 190 1751 mus,
212 1676 403 1757 reperiantur.

106 1814 109 1819 ⁴
191 1775 258 1837 lam
273 1776 407 1861 primurn
423 1772 590 1838 tenendum
609 1787 669 1854 est,
692 1775 876 1840 Creticarum
893 1778 1060 1857 glossarum
1079 1776 1143 1835 col-

27 1926 38 1933 .
106 1879 250 1939 lectorem
265 1877 373 1942 ¹modo
403 1879 638 1941 Hermonactem
661 1878 757 1941 modo
777 1881 967 1941 Hermonem
989 1875 1142 1962 appellari.

106 1977 227 2063 Duplici
251 1980 333 2040 enim
350 1982 410 2040 hoc
430 1982 571 2058 nomine,
594 1980 727 2064 eundern
745 1982 844 2043 notari
857 1982 972 2058 virum,
998 1978 1144 2040 intellexit

106 2079 258 2140 rabanus
278 2077 358 2140 niu.
381 2077 434 2143 or.
453 2081 505 2141 u.
523 2080 579 2158 tv,
602 2102 666 2166 cap.
688 2082 851 2160 xxxiv,
872 2081 900 2163 ς.
914 2081 1006 2157 xiv,
1029 2063 1154 2158 (rom.

105 2181 161 2258 lV,
184 2204 214 2265 Ρ.
230 2180 300 2258 535,
323 2178 371 2241 ed.
390 2185 478 2258 1711,
499 2181 560 2256 Vt,
585 2205 614 2266 p.
638 2187 707 2247 192.
727 2181 775 2243 ed.
789 2183 882 2260 Harl,
904 2193 934 2244 et
953 2182 1050 2260 magis
1069 2204 1142 2243 con.-

105 2295 217 2345 stanter
229 2281 329 2342 dicere
341 2279 446 2342 debuit
456 2280 633 2362 Schweigh.
644 2284 678 2345 in
688 2283 756 2346 Ind.
769 2283 860 2345 Auct.
873 2307 903 2370 p.
922 2284 990 2348 124.
1003 2305 1066 2366 seq.
1089 2287 1145 2344 cfr.-

106 2383 233 2448 Casaub.
255 2384 295 2446 ad
312 2378 427 2445 Athen.
442 2381 502 2462 IH,
525 2388 582 2463 81,
603 2389 625 2447 f.
657 2383 695 2448 G.
717 2384 874 2448 Koenium
893 2384 933 2446 ad
957 2382 1081 2465 Gregor.
1103 2384 1142 2455 de

104 2484 194 2550 Diall.
207 2511 237 2572 p.
253 2492 321 2552 133.
348 2486 398 2572 (Ρ.
411 2491 484 2551 290.
498 2480 547 2550 e'd.
560 2488 663 2574 Lipsl
686 2500 716 2550 et
727 2492 820 2575 praef.
841 2510 872 2573 p.
892 2487 1011 2550 XVHI.
1054 2487 1141 2550 Neue

104 2586 275 2674 Sapphonis
289 2587 431 2673 Reliq.p.
447 2594 474 2652 1.
492 2591 629 2674 aliosque
640 2593 750 2675 plures.
793 2591 980 2655 Memoratur
996 2589 1086 2668 igitur
1101 2591 1141 2652 ab

103 2688 283 2766 Athenae0,
304 2689 363 2765 ΠΙ,
385 2712 415 2773 p.
428 2693 478 2765 81,
501 2693 523 2751 f.
552 2688 701 2773 ‚J'Eppnv
723 2686 756 2754 δ’
778 2688 815 2754 ἐν
837 2693 1016 2772 Κρητικαῖς
1036 2692 1140 2771 γλώσ-

105 2802 176 2861 σαις
202 2782 374 2867 κοδύμαλα
400 2791 572 2853 καλεῖσθαι
602 2786 641 2853 τὰ
670 2787 816 2855 κυδώνια
842 2796 936 2874 μῆλα.
982 2789 1140 2873 Πολέμων

104 2887 125 2952 δ
131 2883 140 2931 -’
164 2883 200 2952 ἐν
221 2883 354 2976 πέμπτῳ
373 2892 440 2953 τών
461 2886 545 2972 πρὸς
571 2890 727 2973 Τίμαιον,
759 2887 888 2968 ἄνθους
910 2887 1005 2972 γένος
1026 2888 1063 2956 τὰ
1085 2915 1138 2956 κο.

104 2986 252 3073 δυ’μαλον
285 2985 371 3056 εἷναί
403 3013 496 3067 τινας
525 2992 681 3076 ἱστορεῖν.
725 2991 867 3077 Ἀλκμὰν
897 2991 932 3058 δὲ
959 2991 996 3058 τδ
1023 3008 1139 3076 στρον·

101 3092 181 3158 θίον
202 3095 326 3176 μῆλονιι
353 3105 419 3156 cett.
452 3095 597 3176 >Hesych
625 3092 861 3179 ,,Κοδώμαλον·
890 3092 1140 3176 τδστρονθιόν

101 3197 223 3278 μῆλον·
247 3194 281 3258 ot
301 3192 335 3259 δὲ
356 3191 544 3259 κωδώνιον·
568 3197 602 3263 ολ
622 3195 658 3263 δὲ
680 3193 808 3276 ἄνθους
829 3191 936 3274 εἶδοςιι
958 3210 1024 3261 cett.
1054 3197 1139 3262 Con-

100 3297 244 3359 iecturam
258 3299 348 3377 igitur
362 3299 428 3381 quis
446 3299 593 3382 reprimit,
616 3303 720 3362 omnia
739 3304 773 3364 in
784 3302 936 3386 Pamphili
955 3302 1032 3361 libro
1049 3321 1138 3373 accu-

100 3410 164 3461 rate
178 3397 256 3460 dicta
270 3400 372 3479 fuisse,
393 3403 432 3462 ab
444 3399 607 3462 Athenaeo
624 3400 793 3487 descripta?
814 3400 909 3464 Adde
930 3390 1139 3478 „deoimov'

100 3495 157 3563 ναὶ
177 3493 344 3580 τόμῆλον·
367 3494 528 3566 Κυδώνια
548 3497 583 3564 δὲ
604 3496 698 3576 πόλις
711 3499 842 3587 Κρήτης
862 3499 919 3565 καὶ
939 3497 977 3566 τὸ
999 3495 1138 3584 φντόν.“

103 3638 141 3648 -
164 3599 280 3662 Athen.
298 3600 343 3680 Π,
364 3626 395 3689 Ρ.
416 3605 472 3683 53,
494 3606 524 3670 b.
554 3596 738 3682 ,,Ἑρμώναξ
767 3601 802 3668 δὲ
822 3600 878 3668 καὶ
902 3601 1079 3685 Τιμαχίδας
1101 3597 1137 3667 ἐν
1209 3650 1213 3657 .

102 3694 272 3776 Γλώσσαις
295 3700 391 3797 ’Διὸς
418 3698 568 3787 βάλανόν
597 3717 679 3785 φησι
708 3709 879 3770 καλεῖσθαι
910 3699 948 3769 τδ
970 3697 1137 3787 Ποντικὸν

99 3796 247 3883 ιιώουονιι
295 3805 429 3886 Hesych.
467 3800 570 3885 ,,Διὸς
599 3799 754 3888 βάλανοι·
775 3802 968 3890 Ἕρμιππος.
989 3841 1033 3852 -
1054 3827 1135 3889 pop
1191 3840 1197 3855 ι

99 3899 265 3987 μοφόροις
285 3938 328 3951 -
356 3900 396 3971 τοὶ
424 3902 603 3973 ναστώνια·
633 3904 717 3984 τινὲς
747 3903 782 3972 δὲ
806 3905 953 3974 Ποντικὰ
982 3904 1136 3990 λέγουσιν

98 3999 407 4089 ’ἢἩρανλευττυάλι
447 4007 541 4074 Estne
557 4010 638 4096 apud
649 4007 845 4074 Athenaerun
855 4005 1043 4096 Ἕρμιππος
1061 4011 1135 4076 scri-
