2534 4644
1115 319 1176 379 117
1216 364 1219 369 .

136 498 219 539 sarus
241 475 280 539 ll.
301 498 330 561 p.
351 482 419 541 119.
444 477 665 559 ,,Τιμαχίδας“
685 475 904 539 restituendum
922 500 989 542 esse
1011 482 1126 543 censuit
1141 483 1174 544 in

135 586 264 660 suasque
280 589 379 661 partes
398 580 487 639 traxit
505 577 839 659 Schweighaeuserum.
884 578 966 640 Dicit
977 581 1174 666 Harpocratio

134 676 324 760 ,,Τίμαρχος
346 675 381 742 δὲ
402 674 421 742 ὁ
440 672 567 754 Ῥόδιος
585 674 626 743 οὐ
647 674 730 742 κατα
751 681 905 760 aroenae
926 685 1097 745 καλεῖσθαι
1115 679 1175 747 τόν

135 775 217 860 ὅφιν
239 772 347 858 ἀργᾶν
366 781 481 862 φησίν·
505 775 585 844 ἄλλα
607 779 701 862 γένος
721 802 752 844 τι
775 775 861 844 εἶναι
883 775 993 864 ὄφεων
1014 778 1095 858 τούς
1116 779 1175 864 ἆρ-

134 881 215 961 μοῖςιι
256 880 391 961 Hesych.
412 877 561 965 „uque
595 877 703 966 ὅφις.“
745 882 850 946 Potest
860 906 931 946 vera
948 906 1015 946 esse
1028 883 1174 947 emenda-

133 984 195 1043 tio:
229 993 317 1065 atque
337 983 465 1048 advertit
481 1008 533 1047 me
546 1006 610 1047 vox
624 977 732 1062 ,ματα
755 985 943 1065 γλῶσσανιίς
972 986 1013 1047 ita
1029 977 1112 1048 enim
1124 989 1173 1050 in-

134 1085 287 1167 terpretari
301 1086 417 1147 solebat
431 1085 640 1162 Timachidas,
674 1089 724 1145 cfr.
738 1085 884 1170 Harpocr.
897 1109 921 1148 s.
934 1109 964 1150 v.
978 1092 1084 1164 οῖτος;
1116 1090 1173 1152 sed

133 1183 166 1246 id
177 1187 277 1271 ipsum
288 1183 384 1266 magis
399 1186 598 1248 Timachidae
620 1184 825 1248 adversarium
840 1185 973 1249 iudicare
984 1212 1048 1251 non
1061 1192 1172 1253 imme-

132 1287 189 1347 rito
208 1286 372 1366 videbitur,
397 1289 448 1372 qui
471 1291 565 1348 talem
584 1288 649 1350 eius
668 1287 945 1373 interpretationem
964 1294 1093 1353 refutare
1108 1304 1172 1355 stu-

134 1387 243 1451 duerit·
282 1386 385 1467 Quare
400 1400 523 1449 cunctor
535 1388 686 1472 equidem.
1148 1408 1151 1413 ’

219 1490 372 1551 Hactenus
387 1510 422 1550 ea
437 1490 574 1573 praeterii
586 1493 734 1575 exempla,
752 1493 861 1576 quibus
875 1490 1021 1558 Δείπνου
1033 1496 1084 1555 vel
1097 1490 1173 1557 ‘Act-

132 1610 226 1656 τινων
257 1589 460 1652 Timachidae
484 1591 578 1654 libros
604 1591 783 1656 Athenaeus
811 1595 962 1679 produxit.
1017 1594 1095 1655 Sunt
1115 1617 1171 1656 au-

132 1706 196 1756 tem
216 1696 293 1755 haec
322 1686 544 1771 „hantone
576 1690 611 1756 δὲ
640 1689 754 1776 μήλων
776 1690 1170 1771 obtenebrescentem

133 1793 214 1877 φησὶ
240 1793 417 1875 Τιμαχίδας
447 1788 483 1855 ἐν
504 1796 551 1877 τῷ
572 1791 713 1880 τετάρτῳ
735 1789 866 1859 alueiu.“
908 1795 1023 1859 Athen.
1036 1798 1095 1876 ΠΙ,
1118 1803 1169 1870 82,

133 1896 163 1958 (1.
179 1896 330 1958 Emendat
337 1895 512 1974 Schweigh.
520 1894 661 1959 Animm.
674 1897 698 1958 I.
707 1921 737 1983 p.
746 1903 817 1962 323.
830 1919 886 1982 pro
901 1920 978 1960 voce
988 1895 1168 1963 εἰτώνΛεί-

131 2018 224 2060 τινων
244 1999 330 2057 titulo
349 2012 419 2055 non*
427 1999 508 2056 male
524 2000 674 2081 reposito3
699 2001 749 2058 cfr.
771 1997 838 2060 Ind.
851 1998 944 2062 Auct.
958 2023 988 2084 p.
1002 2006 1074 2064 210.
1118 2001 1168 2064 De

133 2098 288 2177 Hesychio
303 2097 365 2156 iam
378 2095 510 2157 diximus
533 2108 631 2159 antea.
674 2098 759 2159 Haec
775 2101 858 2159 enim
873 2121 911 2160 ex
926 2099 1086 2184 Pamphilo
1101 2123 1168 2164 esse

106 2206 254 2283 “accepta
272 2195 453 2273 Athenaeo,
486 2218 550 2257 non
572 2201 698 2260 obscure
718 2212 866 2262 monstrat
884 2200 1035 2284 Pamphili
1052 2203 1168 2263 mentio

134 2323 204 2364 cum
215 2297 413 2362 Timachidae
425 2299 517 2360 simul
530 2300 639 2362 iniecta
660 2299 735 2378 „aul
757 2298 794 2365 ἐν
807 2301 1050 2382 Λακεδαίμονα(
1071 2303 1169 2385 pergit

132 2405 258 2488 scriptor
278 2399 543 2479 ,μαοατίθεσθαι
564 2404 634 2477 τοῖς
654 2405 748 2477 θεοῖς
768 2416 850 2486 φησι
877 2397 1078 2484 Πάμφιλος“
1101 2415 1167 2466 cett.

132 2505 207 2568 Ath.
226 2504 297 2582 Vll,
312 2500 384 2581 288,
405 2525 430 2565 c.
452 2498 686 2585 ,Μνημονεύει
706 2504 775 2565 τῶν
794 2503 970 2584 πομπίλων
990 2501 1046 2567 καὶ
1071 2505 1194 2586 Tuto-¹.

124 2608 223 2692 ’χίδας
244 2600 264 2670 ὁ
282 2600 409 2679 Ῥόδιος
430 2600 466 2667 ἐν
487 2607 533 2684 τῷ
555 2600 658 2688 ἐνάτῳ
679 2606 741 2667 τοῦ
764 2604 927 2668 Δείπνου(ι
947 2618 1013 2667 cett.
1035 2607 1169 2687 Hesych.

133 2705 329 2787 “τομτιίλος·
364 2702 461 2778 ποιὰς
483 2701 607 2784 ἰχθύς.“
646 2710 697 2766 cfr.
717 2704 839 2767 Aelian.
860 2706 938 2767 Hist.
963 2705 1070 2766 Anim.
1093 2705 1169 2782 XV,

133 2814 184 2873 23.
229 2806 371 2870 Ceterum
389 2806 509 2865 inlibro
524 2804 643 2866 decimo
664 2817 693 2868 et
708 2807 827 2890 quintu,
849 2807 895 2869 bis
910 2807 975 2867 eius
986 2826 1102 2866 nomen
1122 2826 1170 2865 re-

127 2910 222 2971 currit
233 2929 264 2992 p.
280 2910 352 2983 682,
366 2927 391 2966 c.
411 2905 449 2967 de
468 2926 546 2967 voce
561 2899 770 2989 εὐόμφαλον,
791 2905 831 2967 de
853 2928 912 2991 qua
933 2909 984 2966 cfr.
997 2906 1131 2994 Hesych.
1146 2925 1170 2966 s.

132 3032 162 3074 v.
185 3005 318 3090 εὕομφα
330 3008 432 3091 ibique
446 3008 609 3091 interprett.
623 3020 653 3070 et
667 3007 738 3087 684,
750 3010 772 3069 f.
791 3006 830 3069 de
845 3029 923 3072 voce
945 3002 1096 3089 Θήσειον,
1119 3008 1170 3066 cfr.

133 3114 267 3194 Hesych.

217 3211 381 3298 Explicatis
395 3210 486 3290 igitur
496 3211 545 3272 his
560 3211 711 3288 omnibus,
733 3209 932 3276 Timachidae
945 3211 1038 3276 libros
1053 3210 1173 3271 aPam-

108 3317 216 3402 ophilo
234 3324 390 3397 excerptos
404 3313 446 3373 ita
464 3313 496 3372 in
512 3310 669 3372 Athenaei
686 3312 825 3370 notitiam
844 3312 1015 3393 librumque
1029 3311 1092 3370 eius
1105 3330 1173 3368 ma-

122 3438 228 3498 ·gnum
245 3417 413 3491 transiisse,
447 3433 540 3473 nemo
561 3412 743 3472 infitiabrtur.
784 3409 873 3471 Idem
895 3408 934 3471 de
952 3409 1080 3480 Ameria
1102 3432 1174 3477 sen.-

132 3516 270 3578 tiendum
283 3527 328 3576 est
348 3515 582 3599 glossographo,
618 3511 830 3595 quiquoniam
848 3532 913 3572 non
936 3533 1004 3573 raro
1024 3533 1093 3573 cum
1117 3510 1173 3573 Tl-

133 3616 275 3678 machida
288 3617 491 3695 coniungitur,
523 3616 589 3675 iure
603 3610 737 3696 quodam
753 3633 827 3690 suo,
847 3624 882 3673 ut
898 3635 962 3675 non
974 3622 1175 3697 praetereatur

134 3738 270 3803 prorsus,
291 3718 432 3801 postulat.

219 3815 315 3902 Apud
340 3814 538 3877 Athenaeum
561 3814 725 3877 duodeclm
749 3815 783 3875 in
811 3815 886 3877 locis
914 3825 1175 3893 commemoratur,

134 3930 257 4005 propter
279 3912 430 3998 γλώσσας
447 3928 478 3979 et
501 3911 722 3999 ριζοτομικός,
757 3927 787 3978 et
804 3917 872 3978 libri
884 3917 970 3979 titulo
986 3938 1050 3983 non
1064 3914 1177 3991 addito,

124 4041 213 4106 quae
233 4018 407 4082 testimonia
433 4021 576 4103 pleraque
602 4041 619 4081 e
651 4020 758 4100 glossis
785 4016 924 4106 decerpta
948 4022 1028 4082 bene
1053 4018 1180 4080 coniecit
