<?xml version="1.0" encoding="UTF-8"?>
<!DOCTYPE html PUBLIC "-//W3C//DTD XHTML 1.0 Transitional//EN"
    "http://www.w3.org/TR/xhtml1/DTD/xhtml1-transitional.dtd">
<html xmlns="http://www.w3.org/1999/xhtml" xml:lang="en" lang="en">
 <head>
  <title>
</title>
<meta http-equiv="Content-Type" content="text/html;charset=utf-8" />
  <meta name='ocr-system' content='tesseract 3.04.00' />
  <meta name='ocr-capabilities' content='ocr_page ocr_carea ocr_par ocr_line ocrx_word'/>
</head>
<body>
  <div class='ocr_page' id='page_1' title='image "./caroliferdinand00rankgoog_0048.png"; bbox 0 0 2534 4644; ppageno 0'>
   <div class='ocr_carea' id='block_1_1' title="bbox 1072 251 1116 314">
    <p class='ocr_par' dir='ltr' id='par_1_1' title="bbox 1072 251 1116 314">
     <span class='ocr_line' id='line_1_1' title="bbox 1072 251 1116 314; baseline 0.045 -2"><span class='ocrx_word' id='word_1_1' title='bbox 1072 251 1116 314; x_wconf 69' lang='grc'>37</span> 
     </span>
    </p>
   </div>
   <div class='ocr_carea' id='block_1_2' title="bbox 61 412 1133 2124">
    <p class='ocr_par' dir='ltr' id='par_1_2' title="bbox 61 412 1133 2124">
     <span class='ocr_line' id='line_1_2' title="bbox 72 412 1116 501; baseline -0.002 -21"><span class='ocrx_word' id='word_1_2' title='bbox 72 412 171 491; x_wconf 81' lang='grc' dir='ltr'><strong>τικός.</strong></span> <span class='ocrx_word' id='word_1_3' title='bbox 220 413 311 496; x_wconf 82' lang='lat' dir='ltr'><strong>Quae</strong></span> <span class='ocrx_word' id='word_1_4' title='bbox 327 437 422 501; x_wconf 90' lang='lat' dir='ltr'>quum</span> <span class='ocrx_word' id='word_1_5' title='bbox 436 419 506 495; x_wconf 82' lang='lat' dir='ltr'>lego</span> <span class='ocrx_word' id='word_1_6' title='bbox 528 425 558 477; x_wconf 89' lang='lat' dir='ltr'>et</span> <span class='ocrx_word' id='word_1_7' title='bbox 582 414 681 496; x_wconf 85' lang='lat' dir='ltr'>cogito</span> <span class='ocrx_word' id='word_1_8' title='bbox 702 431 841 492; x_wconf 88' lang='lat' dir='ltr'>mecum,</span> <span class='ocrx_word' id='word_1_9' title='bbox 869 413 932 478; x_wconf 93' lang='lat' dir='ltr'>iam</span> <span class='ocrx_word' id='word_1_10' title='bbox 953 413 1063 477; x_wconf 88' lang='lat' dir='ltr'>iterum</span> <span class='ocrx_word' id='word_1_11' title='bbox 1082 413 1116 478; x_wconf 89' lang='lat' dir='ltr'>in</span> 
     </span>
     <span class='ocr_line' id='line_1_3' title="bbox 72 501 1114 602; baseline 0 -22"><span class='ocrx_word' id='word_1_12' title='bbox 72 518 202 580; x_wconf 87' lang='lat' dir='ltr'>eandem</span> <span class='ocrx_word' id='word_1_13' title='bbox 220 519 425 602; x_wconf 82' lang='lat' dir='ltr'>suspicionem</span> <span class='ocrx_word' id='word_1_14' title='bbox 444 517 562 597; x_wconf 84' lang='lat' dir='ltr'>incido,</span> <span class='ocrx_word' id='word_1_15' title='bbox 591 538 682 602; x_wconf 92' lang='lat' dir='ltr'>quam</span> <span class='ocrx_word' id='word_1_16' title='bbox 701 501 790 602; x_wconf 75' lang='lat' dir='ltr'>su&#39;pra</span> <span class='ocrx_word' id='word_1_17' title='bbox 808 516 980 578; x_wconf 76' lang='lat' dir='ltr'>dubitanter</span> <span class='ocrx_word' id='word_1_18' title='bbox 995 516 1114 602; x_wconf 88' lang='lat' dir='ltr'>protuli,</span> 
     </span>
     <span class='ocr_line' id='line_1_4' title="bbox 67 619 1114 698; baseline 0.001 -16"><span class='ocrx_word' id='word_1_19' title='bbox 67 623 112 682; x_wconf 87' lang='lat' dir='ltr'>rei</span> <span class='ocrx_word' id='word_1_20' title='bbox 134 621 341 682; x_wconf 89' lang='lat' dir='ltr'>difficultatem</span> <span class='ocrx_word' id='word_1_21' title='bbox 360 620 494 681; x_wconf 87' lang='lat' dir='ltr'>movisse</span> <span class='ocrx_word' id='word_1_22' title='bbox 514 619 624 680; x_wconf 89' lang='lat' dir='ltr'>Virum</span> <span class='ocrx_word' id='word_1_23' title='bbox 646 620 890 698; x_wconf 88' lang='lat' dir='ltr'>celeberrimum,</span> <span class='ocrx_word' id='word_1_24' title='bbox 920 629 953 679; x_wconf 89' lang='lat' dir='ltr'>ut</span> <span class='ocrx_word' id='word_1_25' title='bbox 969 619 1114 683; x_wconf 82' lang='lat' dir='ltr'><strong>intactam</strong></span> 
     </span>
     <span class='ocr_line' id='line_1_5' title="bbox 68 717 1112 804; baseline 0 -22"><span class='ocrx_word' id='word_1_26' title='bbox 68 743 138 783; x_wconf 90' lang='lat' dir='ltr'>eam</span> <span class='ocrx_word' id='word_1_27' title='bbox 151 723 332 804; x_wconf 85' lang='lat' dir='ltr'>relinqueret</span> <span class='ocrx_word' id='word_1_28' title='bbox 343 732 372 783; x_wconf 86' lang='lat' dir='ltr'>et</span> <span class='ocrx_word' id='word_1_29' title='bbox 390 722 539 803; x_wconf 77' lang='lat' dir='ltr'>abiiceret.</span> <span class='ocrx_word' id='word_1_30' title='bbox 581 717 751 782; x_wconf 84' lang='lat' dir='ltr'>Videamus</span> <span class='ocrx_word' id='word_1_31' title='bbox 775 731 894 798; x_wconf 90' lang='lat' dir='ltr'>tamen,</span> <span class='ocrx_word' id='word_1_32' title='bbox 925 719 998 804; x_wconf 93' lang='lat' dir='ltr'>quid</span> <span class='ocrx_word' id='word_1_33' title='bbox 1017 720 1112 790; x_wconf 85' lang='lat' dir='ltr'><strong>nostri</strong></span> 
     </span>
     <span class='ocr_line' id='line_1_6' title="bbox 66 820 1133 907; baseline 0 -23"><span class='ocrx_word' id='word_1_34' title='bbox 66 825 188 884; x_wconf 84' lang='lat' dir='ltr'>valeant</span> <span class='ocrx_word' id='word_1_35' title='bbox 213 824 347 900; x_wconf 82' lang='lat' dir='ltr'>humeri,</span> <span class='ocrx_word' id='word_1_36' title='bbox 374 823 523 907; x_wconf 87' lang='lat' dir='ltr'>imprimis</span> <span class='ocrx_word' id='word_1_37' title='bbox 551 822 641 884; x_wconf 86' lang='lat' dir='ltr'>novis</span> <span class='ocrx_word' id='word_1_38' title='bbox 667 821 881 883; x_wconf 83' lang='lat' dir='ltr'>emolumentis</span> <span class='ocrx_word' id='word_1_39' title='bbox 908 821 1011 884; x_wconf 86' lang='lat' dir='ltr'>adiuti.</span> <span class='ocrx_word' id='word_1_40' title='bbox 1060 820 1133 885; x_wconf 75' lang='grc' dir='ltr'>Αο,</span> 
     </span>
     <span class='ocr_line' id='line_1_7' title="bbox 65 921 1110 1008; baseline 0 -24"><span class='ocrx_word' id='word_1_41' title='bbox 65 925 165 1008; x_wconf 85' lang='lat' dir='ltr'>primo</span> <span class='ocrx_word' id='word_1_42' title='bbox 178 921 247 985; x_wconf 88' lang='lat' dir='ltr'>loco</span> <span class='ocrx_word' id='word_1_43' title='bbox 267 923 306 985; x_wconf 91' lang='lat' dir='ltr'>ad</span> <span class='ocrx_word' id='word_1_44' title='bbox 321 925 441 988; x_wconf 84' lang='lat' dir='ltr'>lexicon</span> <span class='ocrx_word' id='word_1_45' title='bbox 456 921 630 987; x_wconf 87' lang='lat' dir='ltr'>Gudianmn</span> <span class='ocrx_word' id='word_1_46' title='bbox 646 922 791 984; x_wconf 86' lang='lat' dir='ltr'>vertimus</span> <span class='ocrx_word' id='word_1_47' title='bbox 808 923 930 1000; x_wconf 90' lang='lat' dir='ltr'>oculos,</span> <span class='ocrx_word' id='word_1_48' title='bbox 953 923 1036 985; x_wconf 91' lang='lat' dir='ltr'>cuius</span> <span class='ocrx_word' id='word_1_49' title='bbox 1051 943 1110 984; x_wconf 90' lang='lat' dir='ltr'>no-</span> 
     </span>
     <span class='ocr_line' id='line_1_8' title="bbox 65 1021 1109 1112; baseline -0.001 -26"><span class='ocrx_word' id='word_1_50' title='bbox 65 1027 163 1086; x_wconf 80' lang='lat' dir='ltr'>titiam</span> <span class='ocrx_word' id='word_1_51' title='bbox 179 1024 405 1112; x_wconf 87' lang='lat' dir='ltr'>Kulenkampio</span> <span class='ocrx_word' id='word_1_52' title='bbox 431 1026 593 1102; x_wconf 89' lang='lat' dir='ltr'>debemus,</span> <span class='ocrx_word' id='word_1_53' title='bbox 621 1021 788 1084; x_wconf 72' lang='lat' dir='ltr'>editionem</span> <span class='ocrx_word' id='word_1_54' title='bbox 814 1021 948 1102; x_wconf 85' lang='lat' dir='ltr'>Stmzio,</span> <span class='ocrx_word' id='word_1_55' title='bbox 982 1022 1022 1085; x_wconf 89' lang='lat' dir='ltr'>de</span> <span class='ocrx_word' id='word_1_56' title='bbox 1048 1045 1109 1107; x_wconf 89' lang='lat' dir='ltr'>quo</span> 
     </span>
     <span class='ocr_line' id='line_1_9' title="bbox 65 1123 1108 1214; baseline 0.003 -28"><span class='ocrx_word' id='word_1_57' title='bbox 65 1128 171 1187; x_wconf 83' lang='lat' dir='ltr'>frustra</span> <span class='ocrx_word' id='word_1_58' title='bbox 183 1125 382 1191; x_wconf 86' lang='lat' dir='ltr'>Ruhnkenius</span> <span class='ocrx_word' id='word_1_59' title='bbox 398 1129 431 1191; x_wconf 92' lang='lat' dir='ltr'>in</span> <span class='ocrx_word' id='word_1_60' title='bbox 452 1127 547 1214; x_wconf 86' lang='lat' dir='ltr'>Epist.</span> <span class='ocrx_word' id='word_1_61' title='bbox 580 1123 620 1187; x_wconf 92' lang='lat' dir='ltr'>ad</span> <span class='ocrx_word' id='word_1_62' title='bbox 644 1125 800 1205; x_wconf 71' lang='lat' dir='ltr'>Heynium</span> <span class='ocrx_word' id='word_1_63' title='bbox 820 1123 904 1204; x_wconf 88' lang='lat' dir='ltr'>data,</span> <span class='ocrx_word' id='word_1_64' title='bbox 926 1147 956 1212; x_wconf 92' lang='lat' dir='ltr'>p.</span> <span class='ocrx_word' id='word_1_65' title='bbox 973 1130 1044 1190; x_wconf 80' lang='lat'>672.</span> <span class='ocrx_word' id='word_1_66' title='bbox 1059 1124 1108 1189; x_wconf 87' lang='lat' dir='ltr'>ed.</span> 
     </span>
     <span class='ocr_line' id='line_1_10' title="bbox 64 1225 1109 1313; baseline 0.003 -26"><span class='ocrx_word' id='word_1_67' title='bbox 64 1225 214 1290; x_wconf 86' lang='lat' dir='ltr'>Friedem.</span> <span class='ocrx_word' id='word_1_68' title='bbox 242 1226 391 1308; x_wconf 87' lang='lat' dir='ltr'>„Quodsi</span> <span class='ocrx_word' id='word_1_69' title='bbox 407 1229 439 1292; x_wconf 94' lang='lat' dir='ltr'>in</span> <span class='ocrx_word' id='word_1_70' title='bbox 458 1228 525 1290; x_wconf 89' lang='lat' dir='ltr'>cod.</span> <span class='ocrx_word' id='word_1_71' title='bbox 547 1225 731 1313; x_wconf 86' lang='lat' dir='ltr'>Guelpherb.</span> <span class='ocrx_word' id='word_1_72' title='bbox 756 1229 932 1298; x_wconf 82' lang='lat' dir='ltr'>thesaurum</span> <span class='ocrx_word' id='word_1_73' title='bbox 961 1228 1109 1312; x_wconf 87' lang='lat' dir='ltr'>reperisse</span> 
     </span>
     <span class='ocr_line' id='line_1_11' title="bbox 62 1328 1107 1416; baseline 0.003 -27"><span class='ocrx_word' id='word_1_74' title='bbox 62 1340 163 1415; x_wconf 89' lang='lat' dir='ltr'>putat,</span> <span class='ocrx_word' id='word_1_75' title='bbox 183 1331 309 1410; x_wconf 84' lang='lat' dir='ltr'>fallitur,</span> <span class='ocrx_word' id='word_1_76' title='bbox 331 1333 382 1416; x_wconf 92' lang='lat' dir='ltr'>qui</span> <span class='ocrx_word' id='word_1_77' title='bbox 405 1332 482 1392; x_wconf 90' lang='lat' dir='ltr'>nihil</span> <span class='ocrx_word' id='word_1_78' title='bbox 497 1329 621 1414; x_wconf 88' lang='lat' dir='ltr'>reperit,</span> <span class='ocrx_word' id='word_1_79' title='bbox 651 1329 710 1391; x_wconf 92' lang='lat' dir='ltr'>nisi</span> <span class='ocrx_word' id='word_1_80' title='bbox 728 1330 898 1392; x_wconf 86' lang='lat' dir='ltr'>carbones“</span> <span class='ocrx_word' id='word_1_81' title='bbox 920 1331 971 1390; x_wconf 87' lang='lat' dir='ltr'>cfr.</span> <span class='ocrx_word' id='word_1_82' title='bbox 991 1350 1022 1413; x_wconf 93' lang='lat' dir='ltr'>p.</span> <span class='ocrx_word' id='word_1_83' title='bbox 1035 1328 1107 1392; x_wconf 87' lang='grc'><strong>675.</strong></span> 
     </span>
     <span class='ocr_line' id='line_1_12' title="bbox 62 1430 1108 1515; baseline -0.005 -20"><span class='ocrx_word' id='word_1_84' title='bbox 62 1453 93 1515; x_wconf 88' lang='lat' dir='ltr'>p.</span> <span class='ocrx_word' id='word_1_85' title='bbox 114 1436 186 1495; x_wconf 84' lang='lat'>709.</span> <span class='ocrx_word' id='word_1_86' title='bbox 208 1452 291 1515; x_wconf 90' lang='lat' dir='ltr'>seqq.</span> <span class='ocrx_word' id='word_1_87' title='bbox 334 1431 380 1495; x_wconf 88' lang='lat' dir='ltr'>Ita</span> <span class='ocrx_word' id='word_1_88' title='bbox 397 1432 551 1494; x_wconf 88' lang='lat' dir='ltr'>iudicabat</span> <span class='ocrx_word' id='word_1_89' title='bbox 569 1431 627 1493; x_wconf 87' lang='lat' dir='ltr'>Vir</span> <span class='ocrx_word' id='word_1_90' title='bbox 647 1430 934 1515; x_wconf 86' lang='lat' dir='ltr'>praestantissimus,</span> <span class='ocrx_word' id='word_1_91' title='bbox 962 1430 1108 1513; x_wconf 89' lang='lat' dir='ltr'>quoniam</span> 
     </span>
     <span class='ocr_line' id='line_1_13' title="bbox 64 1528 1128 1618; baseline -0.003 -26"><span class='ocrx_word' id='word_1_92' title='bbox 64 1531 270 1593; x_wconf 88' lang='lat' dir='ltr'>additamenta</span> <span class='ocrx_word' id='word_1_93' title='bbox 286 1534 469 1618; x_wconf 81' lang='lat' dir='ltr'>requirebat3</span> <span class='ocrx_word' id='word_1_94' title='bbox 490 1555 548 1596; x_wconf 87' lang='lat' dir='ltr'>nos</span> <span class='ocrx_word' id='word_1_95' title='bbox 567 1544 669 1594; x_wconf 89' lang='lat' dir='ltr'>autem</span> <span class='ocrx_word' id='word_1_96' title='bbox 682 1555 761 1595; x_wconf 91' lang='lat' dir='ltr'>nunc</span> <span class='ocrx_word' id='word_1_97' title='bbox 774 1554 839 1594; x_wconf 90' lang='lat' dir='ltr'>non</span> <span class='ocrx_word' id='word_1_98' title='bbox 855 1541 978 1618; x_wconf 85' lang='lat' dir='ltr'>propter</span> <span class='ocrx_word' id='word_1_99' title='bbox 989 1528 1128 1602; x_wconf 64' lang='lat' dir='ltr'>addita-⁴</span> 
     </span>
     <span class='ocr_line' id='line_1_14' title="bbox 63 1624 1106 1720; baseline -0.002 -26"><span class='ocrx_word' id='word_1_100' title='bbox 63 1644 182 1713; x_wconf 89' lang='lat' dir='ltr'>menta,</span> <span class='ocrx_word' id='word_1_101' title='bbox 204 1632 260 1696; x_wconf 88' lang='lat' dir='ltr'>sed</span> <span class='ocrx_word' id='word_1_102' title='bbox 271 1646 393 1720; x_wconf 89' lang='lat' dir='ltr'>propter</span> <span class='ocrx_word' id='word_1_103' title='bbox 405 1624 456 1715; x_wconf 70' lang='grc' dir='ltr'>εει,Ι</span> <span class='ocrx_word' id='word_1_104' title='bbox 478 1657 554 1720; x_wconf 90' lang='lat' dir='ltr'>quae</span> <span class='ocrx_word' id='word_1_105' title='bbox 570 1634 692 1719; x_wconf 89' lang='lat' dir='ltr'>dempta</span> <span class='ocrx_word' id='word_1_106' title='bbox 712 1644 796 1711; x_wconf 87' lang='lat' dir='ltr'>sunt,</span> <span class='ocrx_word' id='word_1_107' title='bbox 818 1634 928 1695; x_wconf 86' lang='lat' dir='ltr'>librum</span> <span class='ocrx_word' id='word_1_108' title='bbox 942 1633 1045 1712; x_wconf 84' lang='lat' dir='ltr'>magni</span> <span class='ocrx_word' id='word_1_109' title='bbox 1058 1633 1106 1693; x_wconf 84' lang='lat' dir='ltr'>sa-</span> 
     </span>
     <span class='ocr_line' id='line_1_15' title="bbox 64 1733 1106 1818; baseline -0.002 -23"><span class='ocrx_word' id='word_1_110' title='bbox 64 1737 168 1798; x_wconf 87' lang='lat' dir='ltr'>cimus.</span> <span class='ocrx_word' id='word_1_111' title='bbox 211 1734 457 1818; x_wconf 80' lang='lat' dir='ltr'>Etymologicum</span> <span class='ocrx_word' id='word_1_112' title='bbox 476 1739 560 1798; x_wconf 89' lang='lat' dir='ltr'>enim</span> <span class='ocrx_word' id='word_1_113' title='bbox 578 1733 753 1799; x_wconf 86' lang='lat' dir='ltr'>Gudianum</span> <span class='ocrx_word' id='word_1_114' title='bbox 772 1735 955 1815; x_wconf 85' lang='lat' dir='ltr'>Diogeniani</span> <span class='ocrx_word' id='word_1_115' title='bbox 973 1733 1106 1796; x_wconf 88' lang='lat' dir='ltr'>mentio-</span> 
     </span>
     <span class='ocr_line' id='line_1_16' title="bbox 61 1831 1105 1918; baseline -0.002 -19"><span class='ocrx_word' id='word_1_116' title='bbox 61 1860 134 1899; x_wconf 88' lang='lat' dir='ltr'>nem</span> <span class='ocrx_word' id='word_1_117' title='bbox 159 1838 283 1916; x_wconf 85' lang='lat' dir='ltr'>abiecit,</span> <span class='ocrx_word' id='word_1_118' title='bbox 313 1849 344 1900; x_wconf 90' lang='lat' dir='ltr'>et</span> <span class='ocrx_word' id='word_1_119' title='bbox 368 1839 459 1901; x_wconf 87' lang='lat' dir='ltr'>simul</span> <span class='ocrx_word' id='word_1_120' title='bbox 486 1861 556 1901; x_wconf 90' lang='lat' dir='ltr'>cum</span> <span class='ocrx_word' id='word_1_121' title='bbox 586 1860 623 1900; x_wconf 84' lang='lat' dir='ltr'>ea</span> <span class='ocrx_word' id='word_1_122' title='bbox 657 1839 675 1915; x_wconf 76' lang='lat'>,&#39;‚</span> <span class='ocrx_word' id='word_1_123' title='bbox 683 1834 908 1918; x_wconf 74' lang='grc' dir='ltr'><strong><em>ταλαίπωρος,</em></strong></span> <span class='ocrx_word' id='word_1_124' title='bbox 937 1831 1105 1910; x_wconf 77' lang='grc' dir='ltr'><strong>ἐπίπονος,</strong></span> 
     </span>
     <span class='ocr_line' id='line_1_17' title="bbox 63 1932 1104 2023; baseline 0 -22"><span class='ocrx_word' id='word_1_125' title='bbox 63 1935 196 2014; x_wconf 77' lang='grc' dir='ltr'><em>ἅθλιος·</em></span> <span class='ocrx_word' id='word_1_126' title='bbox 226 1938 352 2023; x_wconf 77' lang='grc' dir='ltr'><strong><em>εἴρηται</em></strong></span> <span class='ocrx_word' id='word_1_127' title='bbox 382 1937 417 2004; x_wconf 79' lang='grc' dir='ltr'>δὲ</span> <span class='ocrx_word' id='word_1_128' title='bbox 432 1933 433 1936; x_wconf 36' lang='grc'><strong>“</strong></span> <span class='ocrx_word' id='word_1_129' title='bbox 448 1936 538 2022; x_wconf 77' lang='grc' dir='ltr'>παρὰ</span> <span class='ocrx_word' id='word_1_130' title='bbox 568 1936 606 2004; x_wconf 80' lang='grc' dir='ltr'>τὸ</span> <span class='ocrx_word' id='word_1_131' title='bbox 628 1932 730 2014; x_wconf 77' lang='grc' dir='ltr'><strong><em>τάλας</em></strong></span> <span class='ocrx_word' id='word_1_132' title='bbox 751 1936 804 2003; x_wconf 72' lang='lat' dir='ltr'>sul</span> <span class='ocrx_word' id='word_1_133' title='bbox 826 1932 886 2023; x_wconf 72' lang='grc' dir='ltr'>τὴν</span> <span class='ocrx_word' id='word_1_134' title='bbox 908 1932 1017 2016; x_wconf 70' lang='grc' dir='ltr'><strong><em>ὥραν,</em></strong></span> <span class='ocrx_word' id='word_1_135' title='bbox 1050 1958 1104 2001; x_wconf 73' lang='grc' dir='ltr'>τα-</span> 
     </span>
     <span class='ocr_line' id='line_1_18' title="bbox 65 2031 1105 2124; baseline -0.004 -20"><span class='ocrx_word' id='word_1_136' title='bbox 65 2036 197 2119; x_wconf 73' lang='lat' dir='ltr'>teinpus</span> <span class='ocrx_word' id='word_1_137' title='bbox 217 2037 275 2104; x_wconf 78' lang='grc' dir='ltr'>καὶ</span> <span class='ocrx_word' id='word_1_138' title='bbox 295 2041 531 2123; x_wconf 77' lang='grc' dir='ltr'><strong><em>ταλαίπωρος“</em></strong></span> <span class='ocrx_word' id='word_1_139' title='bbox 561 2052 592 2103; x_wconf 87' lang='lat' dir='ltr'>et</span> <span class='ocrx_word' id='word_1_140' title='bbox 609 2042 642 2102; x_wconf 90' lang='lat' dir='ltr'>in</span> <span class='ocrx_word' id='word_1_141' title='bbox 661 2042 723 2104; x_wconf 90' lang='lat' dir='ltr'>fine</span> <span class='ocrx_word' id='word_1_142' title='bbox 752 2035 801 2124; x_wconf 65' lang='lat' dir='ltr'>„el</span> <span class='ocrx_word' id='word_1_143' title='bbox 826 2036 916 2119; x_wconf 69' lang='lat' dir='ltr'>nupsi</span> <span class='ocrx_word' id='word_1_144' title='bbox 938 2033 976 2102; x_wconf 81' lang='grc' dir='ltr'>τὸ</span> <span class='ocrx_word' id='word_1_145' title='bbox 997 2031 1105 2119; x_wconf 70' lang='grc' dir='ltr'>πῶρα,</span> 
     </span>
    </p>
   </div>
   <div class='ocr_carea' id='block_1_3' title="bbox 64 2134 1206 2227">
    <p class='ocr_par' dir='ltr' id='par_1_3' title="bbox 64 2134 1206 2227">
     <span class='ocr_line' id='line_1_19' title="bbox 64 2134 1206 2227; baseline -0.002 -23"><span class='ocrx_word' id='word_1_146' title='bbox 64 2134 200 2223; x_wconf 74' lang='grc' dir='ltr'><em>ὁδηλοῖ</em></span> <span class='ocrx_word' id='word_1_147' title='bbox 220 2135 259 2204; x_wconf 76' lang='lat' dir='ltr'>cd</span> <span class='ocrx_word' id='word_1_148' title='bbox 280 2136 402 2217; x_wconf 79' lang='grc' dir='ltr'><strong>πάθος.</strong></span> <span class='ocrx_word' id='word_1_149' title='bbox 410 2146 431 2178; x_wconf 85' lang='grc'><strong>“</strong></span> <span class='ocrx_word' id='word_1_150' title='bbox 480 2140 559 2224; x_wconf 83' lang='lat' dir='ltr'>Quis</span> <span class='ocrx_word' id='word_1_151' title='bbox 577 2143 668 2222; x_wconf 84' lang='lat' dir='ltr'>igitur</span> <span class='ocrx_word' id='word_1_152' title='bbox 687 2154 747 2221; x_wconf 86' lang='lat' dir='ltr'>est,</span> <span class='ocrx_word' id='word_1_153' title='bbox 776 2145 828 2227; x_wconf 92' lang='lat' dir='ltr'>qui</span> <span class='ocrx_word' id='word_1_154' title='bbox 846 2165 910 2204; x_wconf 90' lang='lat' dir='ltr'>non</span> <span class='ocrx_word' id='word_1_155' title='bbox 926 2162 1049 2203; x_wconf 88' lang='lat' dir='ltr'>mecum</span> <span class='ocrx_word' id='word_1_156' title='bbox 1067 2161 1104 2202; x_wconf 86' lang='lat' dir='ltr'>ea</span> <span class='ocrx_word' id='word_1_157' title='bbox 1201 2158 1206 2171; x_wconf 77' lang='lat'><strong>⁴</strong></span> 
     </span>
    </p>
   </div>
   <div class='ocr_carea' id='block_1_4' title="bbox 59 2241 1215 4066">
    <p class='ocr_par' dir='ltr' id='par_1_4' title="bbox 60 2241 1107 2736">
     <span class='ocr_line' id='line_1_20' title="bbox 63 2241 1106 2328; baseline -0.001 -24"><span class='ocrx_word' id='word_1_158' title='bbox 63 2245 166 2305; x_wconf 89' lang='lat' dir='ltr'>omnia</span> <span class='ocrx_word' id='word_1_159' title='bbox 177 2241 370 2322; x_wconf 88' lang='lat' dir='ltr'>Diogeniano</span> <span class='ocrx_word' id='word_1_160' title='bbox 385 2244 504 2324; x_wconf 86' lang='lat' dir='ltr'>deberi,</span> <span class='ocrx_word' id='word_1_161' title='bbox 524 2244 637 2328; x_wconf 89' lang='lat' dir='ltr'>reliqua</span> <span class='ocrx_word' id='word_1_162' title='bbox 656 2242 778 2305; x_wconf 82' lang='lat' dir='ltr'>aliunde</span> <span class='ocrx_word' id='word_1_163' title='bbox 793 2246 900 2306; x_wconf 84' lang='lat' dir='ltr'>hausta</span> <span class='ocrx_word' id='word_1_164' title='bbox 921 2253 988 2306; x_wconf 86' lang='lat' dir='ltr'>esse</span> <span class='ocrx_word' id='word_1_165' title='bbox 1006 2243 1106 2327; x_wconf 73' lang='lat' dir='ltr'>suspi-</span> 
     </span>
     <span class='ocr_line' id='line_1_21' title="bbox 62 2342 1107 2432; baseline 0.002 -26"><span class='ocrx_word' id='word_1_166' title='bbox 62 2357 153 2410; x_wconf 87' lang='lat' dir='ltr'>cetur,</span> <span class='ocrx_word' id='word_1_167' title='bbox 193 2343 394 2427; x_wconf 85' lang='lat' dir='ltr'>Etymologus</span> <span class='ocrx_word' id='word_1_168' title='bbox 408 2367 485 2431; x_wconf 88' lang='lat' dir='ltr'>quae</span> <span class='ocrx_word' id='word_1_169' title='bbox 501 2345 533 2406; x_wconf 93' lang='lat' dir='ltr'>in</span> <span class='ocrx_word' id='word_1_170' title='bbox 544 2343 738 2425; x_wconf 85' lang='lat' dir='ltr'>Diogeniano</span> <span class='ocrx_word' id='word_1_171' title='bbox 756 2357 920 2432; x_wconf 81' lang='lat' dir='ltr'>repererat,</span> <span class='ocrx_word' id='word_1_172' title='bbox 940 2342 1107 2408; x_wconf 72' lang='lat' dir='ltr'>addiditil-</span> 
     </span>
     <span class='ocr_line' id='line_1_22' title="bbox 60 2447 1104 2533; baseline -0.001 -25"><span class='ocrx_word' id='word_1_173' title='bbox 60 2449 112 2526; x_wconf 89' lang='lat' dir='ltr'>lis,</span> <span class='ocrx_word' id='word_1_174' title='bbox 134 2469 211 2533; x_wconf 89' lang='lat' dir='ltr'>quae</span> <span class='ocrx_word' id='word_1_175' title='bbox 227 2447 260 2508; x_wconf 93' lang='lat' dir='ltr'>in</span> <span class='ocrx_word' id='word_1_176' title='bbox 277 2447 444 2533; x_wconf 83' lang='lat' dir='ltr'>antiquiore</span> <span class='ocrx_word' id='word_1_177' title='bbox 462 2448 684 2530; x_wconf 81' lang='lat' dir='ltr'>etymologico,</span> <span class='ocrx_word' id='word_1_178' title='bbox 707 2448 754 2509; x_wconf 91' lang='lat' dir='ltr'>cui</span> <span class='ocrx_word' id='word_1_179' title='bbox 767 2469 822 2511; x_wconf 87' lang='lat' dir='ltr'>sua</span> <span class='ocrx_word' id='word_1_180' title='bbox 843 2447 1040 2528; x_wconf 80' lang='lat' dir='ltr'>adiungebat,</span> <span class='ocrx_word' id='word_1_181' title='bbox 1057 2448 1104 2508; x_wconf 83' lang='lat' dir='ltr'>le-</span> 
     </span>
     <span class='ocr_line' id='line_1_23' title="bbox 61 2547 1103 2636; baseline 0 -26"><span class='ocrx_word' id='word_1_182' title='bbox 61 2552 221 2630; x_wconf 77' lang='lat' dir='ltr'>gebantur3</span> <span class='ocrx_word' id='word_1_183' title='bbox 242 2547 427 2630; x_wconf 85' lang='lat' dir='ltr'>Diogeniani</span> <span class='ocrx_word' id='word_1_184' title='bbox 444 2549 546 2613; x_wconf 82' lang='lat' dir='ltr'>verbis</span> <span class='ocrx_word' id='word_1_185' title='bbox 560 2547 680 2634; x_wconf 85' lang='lat' dir='ltr'>antiqua</span> <span class='ocrx_word' id='word_1_186' title='bbox 692 2551 894 2636; x_wconf 82' lang='lat' dir='ltr'>interpolavit.</span> <span class='ocrx_word' id='word_1_187' title='bbox 936 2551 992 2614; x_wconf 87' lang='lat' dir='ltr'>His</span> <span class='ocrx_word' id='word_1_188' title='bbox 1007 2568 1103 2634; x_wconf 64' lang='lat' dir='ltr'>expo-</span> 
     </span>
     <span class='ocr_line' id='line_1_24' title="bbox 60 2646 1101 2736; baseline 0 -23"><span class='ocrx_word' id='word_1_189' title='bbox 60 2653 142 2729; x_wconf 91' lang='lat' dir='ltr'>sitis,</span> <span class='ocrx_word' id='word_1_190' title='bbox 164 2649 374 2730; x_wconf 82' lang='lat' dir='ltr'>aggrediamur</span> <span class='ocrx_word' id='word_1_191' title='bbox 390 2653 596 2732; x_wconf 80' lang='lat' dir='ltr'>Hesychium3</span> <span class='ocrx_word' id='word_1_192' title='bbox 617 2651 698 2736; x_wconf 88' lang='lat' dir='ltr'>apud</span> <span class='ocrx_word' id='word_1_193' title='bbox 709 2675 801 2736; x_wconf 91' lang='lat' dir='ltr'>quem</span> <span class='ocrx_word' id='word_1_194' title='bbox 816 2655 873 2714; x_wconf 92' lang='lat' dir='ltr'>sub</span> <span class='ocrx_word' id='word_1_195' title='bbox 892 2673 971 2714; x_wconf 82' lang='lat' dir='ltr'>voce</span> <span class='ocrx_word' id='word_1_196' title='bbox 995 2646 1101 2714; x_wconf 74' lang='lat' dir='ltr'>tolal-</span> 
     </span>
    </p>

    <p class='ocr_par' dir='ltr' id='par_1_5' title="bbox 59 2736 1215 4066">
     <span class='ocr_line' id='line_1_25' title="bbox 60 2736 1186 2837; baseline 0 -22"><span class='ocrx_word' id='word_1_197' title='bbox 60 2772 172 2830; x_wconf 82' lang='grc' dir='ltr'><strong><em>πωρος</em></strong></span> <span class='ocrx_word' id='word_1_198' title='bbox 193 2753 359 2834; x_wconf 89' lang='lat' dir='ltr'>reperimus</span> <span class='ocrx_word' id='word_1_199' title='bbox 387 2798 404 2829; x_wconf 92' lang='lat'>„</span> <span class='ocrx_word' id='word_1_200' title='bbox 412 2747 569 2825; x_wconf 74' lang='grc' dir='ltr'><strong><em>ἐπίπονος</em></strong></span> <span class='ocrx_word' id='word_1_201' title='bbox 576 2796 584 2825; x_wconf 89' lang='grc'><em>,</em></span> <span class='ocrx_word' id='word_1_202' title='bbox 606 2746 805 2833; x_wconf 45' lang='lat' dir='ltr'>stipante*</span> <span class='ocrx_word' id='word_1_203' title='bbox 828 2773 956 2835; x_wconf 85' lang='lat' dir='ltr'>quorum</span> <span class='ocrx_word' id='word_1_204' title='bbox 970 2753 1104 2837; x_wconf 85' lang='lat' dir='ltr'>primum</span> <span class='ocrx_word' id='word_1_205' title='bbox 1182 2736 1186 2747; x_wconf 45' lang='grc'><em>’</em></span> 
     </span>
     <span class='ocr_line' id='line_1_26' title="bbox 59 2849 1103 2938; baseline -0.005 -24"><span class='ocrx_word' id='word_1_206' title='bbox 59 2855 177 2938; x_wconf 80' lang='lat' dir='ltr'>utrique</span> <span class='ocrx_word' id='word_1_207' title='bbox 189 2873 351 2914; x_wconf 82' lang='lat' dir='ltr'>cormnune</span> <span class='ocrx_word' id='word_1_208' title='bbox 365 2863 425 2929; x_wconf 88' lang='lat' dir='ltr'>est,</span> <span class='ocrx_word' id='word_1_209' title='bbox 447 2853 573 2914; x_wconf 90' lang='lat' dir='ltr'>alterum</span> <span class='ocrx_word' id='word_1_210' title='bbox 587 2853 714 2913; x_wconf 88' lang='lat' dir='ltr'>notione</span> <span class='ocrx_word' id='word_1_211' title='bbox 730 2873 793 2912; x_wconf 91' lang='lat' dir='ltr'>non</span> <span class='ocrx_word' id='word_1_212' title='bbox 815 2850 925 2920; x_wconf 82' lang='lat' dir='ltr'>differt.</span> <span class='ocrx_word' id='word_1_213' title='bbox 967 2849 1031 2916; x_wconf 84' lang='lat' dir='ltr'>Sed</span> <span class='ocrx_word' id='word_1_214' title='bbox 1053 2853 1103 2913; x_wconf 86' lang='lat' dir='ltr'>ni..</span> 
     </span>
     <span class='ocr_line' id='line_1_27' title="bbox 59 2951 1101 3043; baseline 0 -25"><span class='ocrx_word' id='word_1_215' title='bbox 59 2958 103 3018; x_wconf 95' lang='lat' dir='ltr'>hil</span> <span class='ocrx_word' id='word_1_216' title='bbox 123 2955 163 3018; x_wconf 90' lang='lat' dir='ltr'>de</span> <span class='ocrx_word' id='word_1_217' title='bbox 181 2957 233 3017; x_wconf 91' lang='lat' dir='ltr'>illa</span> <span class='ocrx_word' id='word_1_218' title='bbox 254 2955 453 3034; x_wconf 82' lang='lat' dir='ltr'>etymologia,</span> <span class='ocrx_word' id='word_1_219' title='bbox 481 2976 559 3039; x_wconf 91' lang='lat' dir='ltr'>quae</span> <span class='ocrx_word' id='word_1_220' title='bbox 579 2977 596 3016; x_wconf 93' lang='lat' dir='ltr'>e</span> <span class='ocrx_word' id='word_1_221' title='bbox 615 2953 799 3034; x_wconf 85' lang='lat' dir='ltr'>Diogeniani</span> <span class='ocrx_word' id='word_1_222' title='bbox 818 2955 855 3043; x_wconf 70' lang='lat' dir='ltr'>ll-</span> <span class='ocrx_word' id='word_1_223' title='bbox 919 2951 1101 3040; x_wconf 74' lang='lat' dir='ltr'>producitur.</span> 
     </span>
     <span class='ocr_line' id='line_1_28' title="bbox 59 3054 1103 3140; baseline -0.008 -20"><span class='ocrx_word' id='word_1_224' title='bbox 59 3059 214 3120; x_wconf 87' lang='lat' dir='ltr'>Memores</span> <span class='ocrx_word' id='word_1_225' title='bbox 231 3068 336 3119; x_wconf 87' lang='lat' dir='ltr'>tamen</span> <span class='ocrx_word' id='word_1_226' title='bbox 356 3057 421 3118; x_wconf 88' lang='lat' dir='ltr'>eius</span> <span class='ocrx_word' id='word_1_227' title='bbox 439 3057 529 3136; x_wconf 83' lang='lat' dir='ltr'>legis,</span> <span class='ocrx_word' id='word_1_228' title='bbox 559 3054 618 3133; x_wconf 88' lang='lat' dir='ltr'>(cf.</span> <span class='ocrx_word' id='word_1_229' title='bbox 638 3077 703 3140; x_wconf 87' lang='lat' dir='ltr'>cap.</span> <span class='ocrx_word' id='word_1_230' title='bbox 720 3055 795 3136; x_wconf 79' lang='grc' dir='ltr'><strong>ΙΙΙ.)</strong></span> <span class='ocrx_word' id='word_1_231' title='bbox 822 3078 837 3118; x_wconf 90' lang='lat' dir='ltr'>c</span> <span class='ocrx_word' id='word_1_232' title='bbox 933 3057 990 3122; x_wconf 88' lang='lat' dir='ltr'>sita</span> <span class='ocrx_word' id='word_1_233' title='bbox 1007 3077 1103 3119; x_wconf 71' lang='lat' dir='ltr'>voca.</span> 
     </span>
     <span class='ocr_line' id='line_1_29' title="bbox 59 3157 1121 3244; baseline -0.006 -22"><span class='ocrx_word' id='word_1_234' title='bbox 59 3164 129 3222; x_wconf 88' lang='lat' dir='ltr'>bula</span> <span class='ocrx_word' id='word_1_235' title='bbox 147 3158 299 3222; x_wconf 85' lang='lat' dir='ltr'>interdum</span> <span class='ocrx_word' id='word_1_236' title='bbox 316 3158 462 3242; x_wconf 83' lang='lat' dir='ltr'>explicata</span> <span class='ocrx_word' id='word_1_237' title='bbox 480 3180 562 3237; x_wconf 87' lang='lat' dir='ltr'>esse,</span> <span class='ocrx_word' id='word_1_238' title='bbox 589 3158 644 3229; x_wconf 79' lang='lat' dir='ltr'>ubi</span> <span class='ocrx_word' id='word_1_239' title='bbox 662 3157 701 3219; x_wconf 85' lang='lat' dir='ltr'>de</span> <span class='ocrx_word' id='word_1_240' title='bbox 719 3157 905 3242; x_wconf 85' lang='lat' dir='ltr'>simplicibus</span> <span class='ocrx_word' id='word_1_241' title='bbox 929 3179 1029 3222; x_wconf 86' lang='lat' dir='ltr'>sermo</span> <span class='ocrx_word' id='word_1_242' title='bbox 1047 3168 1102 3236; x_wconf 85' lang='lat' dir='ltr'>est,</span> <span class='ocrx_word' id='word_1_243' title='bbox 1119 3240 1121 3244; x_wconf 10' lang='lat' dir='ltr'>y</span> 
     </span>
     <span class='ocr_line' id='line_1_30' title="bbox 61 3253 1101 3344; baseline -0.003 -22"><span class='ocrx_word' id='word_1_244' title='bbox 61 3265 229 3325; x_wconf 79' lang='lat' dir='ltr'>evolvimus</span> <span class='ocrx_word' id='word_1_245' title='bbox 253 3282 365 3325; x_wconf 81' lang='lat' dir='ltr'>vocem</span> <span class='ocrx_word' id='word_1_246' title='bbox 396 3253 484 3339; x_wconf 73' lang='grc' dir='ltr'><em>ὥρα,</em></span> <span class='ocrx_word' id='word_1_247' title='bbox 512 3261 614 3343; x_wconf 91' lang='lat' dir='ltr'>ibique</span> <span class='ocrx_word' id='word_1_248' title='bbox 647 3259 793 3340; x_wconf 82' lang='lat' dir='ltr'>legimus,</span> <span class='ocrx_word' id='word_1_249' title='bbox 822 3282 900 3344; x_wconf 77' lang='lat' dir='ltr'>cquae</span> <span class='ocrx_word' id='word_1_250' title='bbox 927 3268 1101 3342; x_wconf 81' lang='lat' dir='ltr'>sequuntur.</span> 
     </span>
     <span class='ocr_line' id='line_1_31' title="bbox 60 3354 1102 3443; baseline -0.001 -19"><span class='ocrx_word' id='word_1_251' title='bbox 60 3357 183 3443; x_wconf 79' lang='grc' dir='ltr'><strong><em>,,Ὧρα,</em></strong></span> <span class='ocrx_word' id='word_1_252' title='bbox 221 3356 355 3441; x_wconf 75' lang='grc' dir='ltr'><strong><em>καιρὸς,</em></strong></span> <span class='ocrx_word' id='word_1_253' title='bbox 392 3355 528 3436; x_wconf 78' lang='grc' dir='ltr'><strong><em>κάλλος,</em></strong></span> <span class='ocrx_word' id='word_1_254' title='bbox 564 3354 685 3442; x_wconf 67' lang='grc' dir='ltr'><strong><em>τροπὴ,</em></strong></span> <span class='ocrx_word' id='word_1_255' title='bbox 720 3356 894 3443; x_wconf 75' lang='grc' dir='ltr'><strong>εὐμορφία.</strong></span> <span class='ocrx_word' id='word_1_256' title='bbox 932 3360 1038 3435; x_wconf 73' lang='grc' dir='ltr'><strong><em>ψιλῶς</em></strong></span> <span class='ocrx_word' id='word_1_257' title='bbox 1065 3355 1102 3423; x_wconf 77' lang='grc' dir='ltr'>δὲ</span> 
     </span>
     <span class='ocr_line' id='line_1_32' title="bbox 62 3452 1102 3546; baseline -0.001 -21"><span class='ocrx_word' id='word_1_258' title='bbox 62 3459 214 3545; x_wconf 72' lang='grc' dir='ltr'>φροντὶς,</span> <span class='ocrx_word' id='word_1_259' title='bbox 245 3458 424 3545; x_wconf 76' lang='grc' dir='ltr'><strong><em>ἐπιμέλεια,</em></strong></span> <span class='ocrx_word' id='word_1_260' title='bbox 449 3457 530 3526; x_wconf 80' lang='grc' dir='ltr'>ὅθεν</span> <span class='ocrx_word' id='word_1_261' title='bbox 551 3455 729 3543; x_wconf 72' lang='grc' dir='ltr'>Ὀλίγωρον</span> <span class='ocrx_word' id='word_1_262' title='bbox 749 3458 887 3546; x_wconf 72' lang='grc' dir='ltr'>λέγομεν</span> <span class='ocrx_word' id='word_1_263' title='bbox 906 3455 966 3526; x_wconf 76' lang='grc' dir='ltr'>τὸν</span> <span class='ocrx_word' id='word_1_264' title='bbox 986 3452 1102 3545; x_wconf 72' lang='grc' dir='ltr'>ὀλίγην</span> 
     </span>
     <span class='ocr_line' id='line_1_33' title="bbox 61 3561 1101 3650; baseline -0.002 -24"><span class='ocrx_word' id='word_1_265' title='bbox 61 3561 176 3646; x_wconf 77' lang='grc' dir='ltr'><strong><em>ἔχοντα</em></strong></span> <span class='ocrx_word' id='word_1_266' title='bbox 196 3564 386 3645; x_wconf 72' lang='grc' dir='ltr'>φρονυίὸα“</span> <span class='ocrx_word' id='word_1_267' title='bbox 419 3566 570 3650; x_wconf 90' lang='lat' dir='ltr'>quibusin</span> <span class='ocrx_word' id='word_1_268' title='bbox 581 3565 682 3628; x_wconf 69' lang='lat' dir='ltr'>verbis</span> <span class='ocrx_word' id='word_1_269' title='bbox 697 3563 955 3649; x_wconf 90' lang='lat' dir='ltr'>quanquamnihil</span> <span class='ocrx_word' id='word_1_270' title='bbox 972 3561 1012 3625; x_wconf 89' lang='lat' dir='ltr'>de</span> <span class='ocrx_word' id='word_1_271' title='bbox 1023 3583 1101 3631; x_wconf 77' lang='lat' dir='ltr'>voce</span> 
     </span>
     <span class='ocr_line' id='line_1_34' title="bbox 60 3661 1100 3751; baseline -0.005 -21"><span class='ocrx_word' id='word_1_272' title='bbox 60 3661 230 3749; x_wconf 74' lang='grc' dir='ltr'><strong><em>ταλᾶωρος</em></strong></span> <span class='ocrx_word' id='word_1_273' title='bbox 251 3664 364 3730; x_wconf 85' lang='lat' dir='ltr'>dictum</span> <span class='ocrx_word' id='word_1_274' title='bbox 376 3678 438 3748; x_wconf 84' lang='lat' dir='ltr'>est,</span> <span class='ocrx_word' id='word_1_275' title='bbox 459 3680 562 3733; x_wconf 81' lang='lat' dir='ltr'>tamen</span> <span class='ocrx_word' id='word_1_276' title='bbox 578 3666 739 3746; x_wconf 88' lang='lat' dir='ltr'>docemur,</span> <span class='ocrx_word' id='word_1_277' title='bbox 762 3663 920 3751; x_wconf 85' lang='lat' dir='ltr'>quomodo</span> <span class='ocrx_word' id='word_1_278' title='bbox 933 3663 1100 3745; x_wconf 73' lang='lat' dir='ltr'>Diogenia.</span> 
     </span>
     <span class='ocr_line' id='line_1_35' title="bbox 60 3767 1118 3854; baseline -0.002 -24"><span class='ocrx_word' id='word_1_279' title='bbox 60 3790 118 3830; x_wconf 91' lang='lat' dir='ltr'>nus</span> <span class='ocrx_word' id='word_1_280' title='bbox 138 3788 204 3833; x_wconf 83' lang='lat' dir='ltr'>rem</span> <span class='ocrx_word' id='word_1_281' title='bbox 223 3767 353 3845; x_wconf 83' lang='lat' dir='ltr'>cogitare</span> <span class='ocrx_word' id='word_1_282' title='bbox 370 3772 507 3854; x_wconf 81' lang='lat' dir='ltr'>potuerit.</span> <span class='ocrx_word' id='word_1_283' title='bbox 550 3770 605 3834; x_wconf 87' lang='lat' dir='ltr'>Est</span> <span class='ocrx_word' id='word_1_284' title='bbox 617 3790 692 3835; x_wconf 82' lang='lat' dir='ltr'>vero</span> <span class='ocrx_word' id='word_1_285' title='bbox 712 3769 803 3830; x_wconf 89' lang='lat' dir='ltr'>etiam</span> <span class='ocrx_word' id='word_1_286' title='bbox 815 3767 944 3853; x_wconf 87' lang='lat' dir='ltr'>apertius</span> <span class='ocrx_word' id='word_1_287' title='bbox 961 3767 1118 3829; x_wconf 50' lang='lat' dir='ltr'>testimo-¹</span> 
     </span>
     <span class='ocr_line' id='line_1_36' title="bbox 60 3863 1101 3951; baseline -0.003 -18"><span class='ocrx_word' id='word_1_288' title='bbox 60 3873 154 3933; x_wconf 84' lang='lat' dir='ltr'>nium.</span> <span class='ocrx_word' id='word_1_289' title='bbox 198 3867 369 3932; x_wconf 88' lang='lat' dir='ltr'>Occurrunt</span> <span class='ocrx_word' id='word_1_290' title='bbox 389 3871 471 3932; x_wconf 81' lang='lat' dir='ltr'>enlm</span> <span class='ocrx_word' id='word_1_291' title='bbox 491 3870 536 3951; x_wconf 92' lang='lat' dir='ltr'>ll,</span> <span class='ocrx_word' id='word_1_292' title='bbox 567 3870 658 3937; x_wconf 76' lang='lat'>1342.</span> <span class='ocrx_word' id='word_1_293' title='bbox 687 3863 876 3949; x_wconf 52' lang='lat' dir='ltr'>,nautea</span> <span class='ocrx_word' id='word_1_294' title='bbox 895 3863 1101 3949; x_wconf 73' lang='grc' dir='ltr'><strong>τοξεύματα“</strong></span> 
     </span>
     <span class='ocr_line' id='line_1_37' title="bbox 60 3972 1215 4066; baseline 0.004 -32"><span class='ocrx_word' id='word_1_295' title='bbox 60 3974 235 4053; x_wconf 82' lang='lat' dir='ltr'>ubiverba‚</span> <span class='ocrx_word' id='word_1_296' title='bbox 263 3972 372 4057; x_wconf 87' lang='lat' dir='ltr'>quibus</span> <span class='ocrx_word' id='word_1_297' title='bbox 390 3993 499 4036; x_wconf 86' lang='lat' dir='ltr'>vocem</span> <span class='ocrx_word' id='word_1_298' title='bbox 522 3975 808 4066; x_wconf 57' lang='lat' dir='ltr'>interpretatum,</span> <span class='ocrx_word' id='word_1_299' title='bbox 834 3972 947 4039; x_wconf 76' lang='lat' dir='ltr'>omissa</span> <span class='ocrx_word' id='word_1_300' title='bbox 966 3980 1050 4050; x_wconf 82' lang='lat' dir='ltr'>sunt,</span> <span class='ocrx_word' id='word_1_301' title='bbox 1072 3979 1103 4038; x_wconf 72' lang='lat' dir='ltr'>et</span> <span class='ocrx_word' id='word_1_302' title='bbox 1213 4044 1215 4051; x_wconf 41' lang='lat'>.</span> 
     </span>
    </p>
   </div>
   <div class='ocr_carea' id='block_1_5' title="bbox 0 0 1272 4644">
    <p class='ocr_par' dir='ltr' id='par_1_6' title="bbox 0 0 1272 4644">
     <span class='ocr_line' id='line_1_38' title="bbox 0 0 1272 4644; baseline 0 3"><span class='ocrx_word' id='word_1_303' title='bbox 0 0 1272 4644; x_wconf 95' lang='lat' dir='ltr'> </span> 
     </span>
    </p>
   </div>
  </div>
 </body>
</html>
