2534 4644
577 461 605 544 a.
633 463 662 524 5.

185 620 269 681 Haec
295 616 333 678 de
353 614 534 695 Athenae03
564 636 624 700 quo
646 616 672 676 si
694 613 891 673 caruissemus
914 617 1006 683 teste,
1029 601 1143 666 Suidae

101 733 218 807 ereptus
231 721 338 782 suisset
352 740 489 780 surmnus
510 718 685 802 sospitatum
708 714 760 799 qui
780 716 818 775 ab
840 711 979 773 onmium
999 704 1143 811 adversa-

100 826 214 887 riorum
227 821 383 883 conatibus
401 821 517 881 sortiter
536 840 606 879 eum
625 815 769 878 defendit.
813 811 936 874 Etenim
953 811 980 872 si
994 814 1059 868 no'n
1074 828 1144 868 cae-

101 948 154 988 cus
168 922 309 1008 equidem
318 921 457 1005 laevique
468 942 538 982 sum
559 921 668 998 animi,
690 917 917 998 Diogenianum
926 910 1078 996 Pamphili
1090 931 1144 971 ex-

101 1025 247 1109 cerpsisse
275 1023 383 1101 libros,
413 1024 479 1084 sole
504 1024 581 1086 lucis
607 1024 712 1085 clarius
736 1041 775 1081 ex
797 1018 847 1081 his
868 1015 1013 1101 apparuit.
1059 1008 1145 1090 Quid

101 1126 184 1187 enim
199 1135 260 1201 est,
282 1124 314 1184 in
328 1146 390 1209 quo
411 1125 610 1204 haereamus,
633 1125 684 1211 qui
703 1118 885 1195 viderimus,
907 1114 1144 1195 Diogenianum,

100 1226 261 1312 Pamphilo
279 1226 443 1304 iuniorem,
471 1248 505 1287 ea
534 1229 599 1313 ipsa
620 1230 652 1289 in
678 1223 733 1288 s'ua
763 1223 931 1302 glossarum
956 1217 1144 1294 collectione,

101 1350 178 1414 quae
199 1329 305 1390 habuit
324 1330 390 1408 ille,
412 1330 577 1414 recepisse,
601 1340 645 1406 et,
668 1328 788 1391 omissis
807 1325 987 1410 scriptonnn
1006 1331 1145 1383 veterum

101 1430 424 1514 grammaticorumque
446 1432 636 1508 nominibus,
657 1422 812 1516 praeterea
828 1430 893 1488 fere
907 1422 1011 1486 omnia
1033 1418 1146 1482 descri-

100 1533 222 1620 psisse?
246 1528 331 1610 Quid
344 1533 450 1597 enim?
473 1530 609 1594 credisne
624 1529 866 1610 Diogenianum,
887 1546 979 1611 opera
994 1521 1147 1607 Pamphili

100 1635 249 1712 neglecta,
286 1633 460 1716 improbum
483 1633 576 1713 istum
603 1635 739 1694 laborem
763 1632 840 1691 ultro
859 1625 1028 1711 suscepisse
1048 1623 1146 1684 lexica

100 1731 280 1818 inspiciendi
295 1745 411 1810 vetera,
434 1744 464 1794 et
478 1735 561 1795 utilia
578 1734 713 1817 scituque
729 1731 813 1794 haud
827 1729 918 1809 digna
936 1725 1147 1812 excerpsisse?

103 1832 213 1899 Credat
230 1833 361 1896 Iudaeus
382 1833 510 1920 Apella!
538 1858 603 1897 non
625 1836 702 1916 egoi
735 1855 833 1919 neque
858 1832 952 1893 alium
973 1849 1149 1914 quenquam

101 1937 144 1996 ita
157 1934 350 2022 opinaturum
365 1957 451 2015 esse,
477 1936 608 2000 conlido

188 2053 252 2116 Sed
262 2054 403 2116 nondum
415 2058 547 2140 perfecta
560 2067 606 2117 est
617 2027 834 2117 demonstratio
848 2064 970 2116 nostra:
990 2049 1060 2133 quia
1073 2049 1150 2111 scri-

102 2166 221 2240 ptores,
244 2157 296 2240 qui
313 2156 464 2241 Pamphili
484 2159 652 2236 glossarum
674 2156 881 2233 meminerint,
904 2163 1023 2239 praeter
1044 2149 1151 2213 Athe-

102 2278 216 2321 naeum
231 2269 345 2320 restant
365 2258 471 2342 aliqui,
500 2257 569 2318 dicu
592 2255 796 2338 Etymologici
822 2256 928 2336 Magni
949 2251 1151 2331 conditorem,

2 2426 5 2430 ,
104 2360 304 2444 ονιοοοοοιιί
321 2359 512 2422 Venetorum
531 2360 765 2421 Homericorum
785 2359 972 2421 scholiorum
993 2354 1150 2416 collectio-

103 2481 177 2522 nem
196 2461 331 2522 instituit.
374 2459 490 2523 Rerum
506 2472 623 2540 autem,
652 2481 726 2544 quas
744 2463 782 2522 ab
801 2461 850 2522 his
865 2458 1050 2543 accepimus,
1072 2477 1152 2541 pro-

103 2563 168 2647 pria
186 2560 337 2645 quaedam
359 2574 405 2624 est
425 2563 511 2623 rati0.
566 2561 603 2623 Ut
625 2563 708 2624 enim
730 2564 857 2624 omnino
887 2561 1007 2623 codices
1024 2558 1151 2638 Veneti,

103 2663 156 2746 qui
169 2662 221 2722 illa
232 2663 348 2724 scholia
362 2665 531 2741 continent,
554 2645 659 2726 criticis
676 2665 813 2748 inprimis
836 2668 928 2727 rebus
946 2673 977 2724 et
996 2682 1152 2741 mumana-

103 2764 170 2826 ticis
191 2765 344 2849 conspicui
366 2777 452 2844 sunt,
479 2767 581 2854 Wolf.
604 2766 742 2845 Prolegg.
768 2763 807 2826 ad
820 2767 914 2827 Hom.
937 2787 968 2850 p.
995 2763 1046 2855 Xl
1066 2785 1150 2848 seq:

103 2866 144 2927 ita
164 2868 257 2927 etiam
276 2868 404 2950 plurima
422 2888 491 2952 pars
505 2888 625 2944 eonon,
649 2888 725 2950 quae
748 2866 939 2950 eParnphilo
955 2867 1088 2942 habent,
1110 2865 1152 2927 ad

104 2988 152 3029 res
173 2970 382 3046 grarmnaticas
402 2980 546 3052 spectant.
589 2968 695 3052 Neque
715 2967 800 3029 aliter
817 2965 856 3028 de
868 2964 1055 3048 Etymologo
1068 2965 1154 3029 iudi·

106 3067 237 3129 candum
250 3081 310 3146 est,
333 3072 383 3156 qui
397 3070 549 3156 Pamphili
568 3071 662 3134 libros
683 3092 746 3133 non
765 3070 837 3148 legit
858 3069 938 3152 ipse,
961 3069 1017 3131 sed
1031 3091 1072 3130 ex
1084 3068 1155 3160 He’.

104 3168 232 3232 rodiano
253 3173 410 3250 cognovit,
433 3173 498 3235 viro
519 3173 597 3233 inter
616 3171 828 3251 grammaticos
851 3169 983 3245 eximio,
1004 3169 1152 3254 librisque

105 3273 307 3351 grammaticis
318 3274 380 3335 suis
397 3271 615 3336 laudatissimo.

190 3408 227 3471 In
237 3408 360 3470 Veneto
382 3406 487 3470 codice
500 3396 652 3495 Pamphili
672 3432 787 3473 nomen
801 3410 934 3494 primum
951 3408 1079 3468 interea
1095 3429 1154 3494 ap-

105 3522 205 3595 paret,
231 3511 360 3594 quaein
382 3531 465 3570 nono
493 3512 570 3571 folio
589 3513 718 3596 paginae
746 3531 870 3573 aversae
896 3509 1039 3596 inscripta
1068 3523 1153 3572 sunt.

105 3610 203 3674 Bekk.
224 3634 255 3696 p.
277 3610 337 3688 Ill,
366 3615 478 3695 praefi,
509 3632 586 3695 quos
611 3634 678 3674 esse
698 3615 815 3688 fontes,
838 3632 856 3672 e
878 3613 987 3695 quibus
1004 3613 1154 3672 haurirm·

106 3724 153 3773 tur
165 3713 403 3797 scholia,patet.
446 3710 568 3774 Deinde
588 3715 621 3773 in
641 3714 688 3774 his
707 3712 849 3791 singulis,
879 3713 928 3775 ad.
949 3712 999 3791 A,
1021 3735 1052 3775 v.
1075 3718 1153 3778 363.

106 3808 410 3893 „spouupotv'vttur
431 3810 469 3879 τὸ
496 3812 643 3893 εἴδομεν·
669 3808 733 3877 νἰιὸ
755 3809 947 3897 βαρυτόνον
968 3813 1031 3876 τοῦ
1052 3811 1152 3885 εἴδοις

108 3907 150 3975 ον’
177 3915 292 3995 θαῦμα
319 3911 373 3989 rt,
410 3911 438 3976 el
473 3908 510 3978 td
543 3906 625 3977 αὐτό
653 3910 708 3976 καὶ
737 3910 781 3992 ὥς
808 3913 998 3999 βαρύνονον
1025 3912 1082 3978 ιιοιὶ
1105 3910 1154 3992 οἱς

108 4008 359 4097 περισπώμενον
380 4013 499 4077 κλίνει·
529 4009 550 4096 ἢ
575 4011 628 4100 ὅτι
650 4010 732 4081 ἄνθ’
758 4011 981 4083 ὑποτακτικοῦ
1003 4013 1071 4080 ἐστι
1093 4016 1154 4082 καὶ
