<?xml version="1.0" encoding="UTF-8"?>
<!DOCTYPE html PUBLIC "-//W3C//DTD XHTML 1.0 Transitional//EN"
    "http://www.w3.org/TR/xhtml1/DTD/xhtml1-transitional.dtd">
<html xmlns="http://www.w3.org/1999/xhtml" xml:lang="en" lang="en">
 <head>
  <title>
</title>
<meta http-equiv="Content-Type" content="text/html;charset=utf-8" />
  <meta name='ocr-system' content='tesseract 3.04.00' />
  <meta name='ocr-capabilities' content='ocr_page ocr_carea ocr_par ocr_line ocrx_word'/>
</head>
<body>
  <div class='ocr_page' id='page_1' title='image "./caroliferdinand00rankgoog_0108.png"; bbox 0 0 2534 4644; ppageno 0'>
   <div class='ocr_carea' id='block_1_1' title="bbox 1095 276 1138 341">
    <p class='ocr_par' dir='ltr' id='par_1_1' title="bbox 1095 276 1138 341">
     <span class='ocr_line' id='line_1_1' title="bbox 1095 276 1138 341; baseline -0.047 0"><span class='ocrx_word' id='word_1_1' title='bbox 1095 276 1138 341; x_wconf 72' lang='grc'><strong>97</strong></span> 
     </span>
    </p>
   </div>
   <div class='ocr_carea' id='block_1_2' title="bbox 99 386 1139 639">
    <p class='ocr_par' dir='ltr' id='par_1_2' title="bbox 99 386 1139 639">
     <span class='ocr_line' id='line_1_2' title="bbox 99 386 1139 639; baseline -0.005 -128"><span class='ocrx_word' id='word_1_2' title='bbox 99 449 176 511; x_wconf 91' lang='lat' dir='ltr'><strong>libro</strong></span> <span class='ocrx_word' id='word_1_3' title='bbox 169 386 459 639; x_wconf 36' lang='lat' dir='ltr'><strong>‘ffhweigh</strong></span> <span class='ocrx_word' id='word_1_4' title='bbox 472 442 539 507; x_wconf 88' lang='lat' dir='ltr'><strong>Iud.</strong></span> <span class='ocrx_word' id='word_1_5' title='bbox 552 443 644 505; x_wconf 88' lang='lat' dir='ltr'><strong>Auct.</strong></span> <span class='ocrx_word' id='word_1_6' title='bbox 663 465 694 529; x_wconf 92' lang='lat' dir='ltr'><strong>p.</strong></span> <span class='ocrx_word' id='word_1_7' title='bbox 716 439 767 506; x_wconf 83' lang='lat'><strong>95.</strong></span> <span class='ocrx_word' id='word_1_8' title='bbox 788 439 936 503; x_wconf 91' lang='lat' dir='ltr'><strong>hocloco</strong></span> <span class='ocrx_word' id='word_1_9' title='bbox 956 440 1139 510; x_wconf 80' lang='lat' dir='ltr'>excidisset?</span> 
     </span>
     <span class='ocr_line' id='line_1_3' title="bbox 100 542 876 629; baseline -0.005 -19"><span class='ocrx_word' id='word_1_10' title='bbox 100 549 196 610; x_wconf 85' lang='lat' dir='ltr'><strong>illihi&#39;</strong></span> <span class='ocrx_word' id='word_1_11' title='bbox 293 568 316 608; x_wconf 89' lang='lat' dir='ltr'><strong>n</strong></span> <span class='ocrx_word' id='word_1_12' title='bbox 325 545 359 607; x_wconf 89' lang='lat' dir='ltr'><strong>id</strong></span> <span class='ocrx_word' id='word_1_13' title='bbox 373 567 437 606; x_wconf 91' lang='lat' dir='ltr'><strong>non</strong></span> <span class='ocrx_word' id='word_1_14' title='bbox 456 545 658 629; x_wconf 80' lang='lat' dir='ltr'>improbabile</span> <span class='ocrx_word' id='word_1_15' title='bbox 668 542 788 608; x_wconf 83' lang='lat' dir='ltr'><strong>videtur</strong></span> <span class='ocrx_word' id='word_1_16' title='bbox 800 565 876 606; x_wconf 87' lang='lat' dir='ltr'><strong>esse.</strong></span> 
     </span>
    </p>
   </div>
   <div class='ocr_carea' id='block_1_3' title="bbox 101 702 1182 1527">
    <p class='ocr_par' dir='ltr' id='par_1_3' title="bbox 101 702 1182 1527">
     <span class='ocr_line' id='line_1_4' title="bbox 107 702 1138 817; baseline 0.003 -22.239"><span class='ocrx_word' id='word_1_17' title='bbox 107 722 304 817; x_wconf 83' lang='lat' dir='ltr'><strong>Athen.</strong></span> <span class='ocrx_word' id='word_1_18' title='bbox 295 728 397 808; x_wconf 87' lang='lat' dir='ltr'>VII,</span> <span class='ocrx_word' id='word_1_19' title='bbox 419 702 552 808; x_wconf 80' lang='lat' dir='ltr'><strong>st‚5a.</strong></span> <span class='ocrx_word' id='word_1_20' title='bbox 580 723 746 811; x_wconf 76' lang='grc' dir='ltr'><strong><em>,,Ὀρφτίς·</em></strong></span> <span class='ocrx_word' id='word_1_21' title='bbox 776 730 922 792; x_wconf 76' lang='grc' dir='ltr'><strong><em>καλεῖται</em></strong></span> <span class='ocrx_word' id='word_1_22' title='bbox 943 726 978 794; x_wconf 74' lang='grc' dir='ltr'><strong>δὲ</strong></span> <span class='ocrx_word' id='word_1_23' title='bbox 999 729 1055 795; x_wconf 79' lang='grc' dir='ltr'><strong>καί</strong></span> <span class='ocrx_word' id='word_1_24' title='bbox 1078 727 1138 816; x_wconf 79' lang='grc' dir='ltr'><strong><em>ν’(ι-</em></strong></span> 
     </span>
     <span class='ocr_line' id='line_1_5' title="bbox 101 814 1139 917; baseline -0.001 -19"><span class='ocrx_word' id='word_1_25' title='bbox 101 827 185 917; x_wconf 78' lang='grc' dir='ltr'><strong>φός,</strong></span> <span class='ocrx_word' id='word_1_26' title='bbox 214 829 258 909; x_wconf 74' lang='grc' dir='ltr'><strong><em>τίς</em></strong></span> <span class='ocrx_word' id='word_1_27' title='bbox 283 814 477 916; x_wconf 49' lang='lat' dir='ltr'><strong>liuperto&amp;</strong></span> <span class='ocrx_word' id='word_1_28' title='bbox 527 833 661 913; x_wconf 88' lang='lat' dir='ltr'><strong>Hesych.</strong></span> <span class='ocrx_word' id='word_1_29' title='bbox 689 823 861 911; x_wconf 76' lang='grc' dir='ltr'><strong><em>,,Ὀρφτίς·</em></strong></span> <span class='ocrx_word' id='word_1_30' title='bbox 892 823 989 912; x_wconf 74' lang='grc' dir='ltr'><em>ἰχθῦς</em></span> <span class='ocrx_word' id='word_1_31' title='bbox 1015 828 1139 911; x_wconf 81' lang='grc' dir='ltr'><strong>ποιός.“</strong></span> 
     </span>
     <span class='ocr_line' id='line_1_6' title="bbox 101 931 1138 1021; baseline 0.004 -25"><span class='ocrx_word' id='word_1_32' title='bbox 101 936 216 1019; x_wconf 86' lang='lat' dir='ltr'><strong>reliqua</strong></span> <span class='ocrx_word' id='word_1_33' title='bbox 241 934 432 1021; x_wconf 86' lang='lat' dir='ltr'><strong>Epitornator</strong></span> <span class='ocrx_word' id='word_1_34' title='bbox 458 933 569 995; x_wconf 90' lang='lat' dir='ltr'><strong>omisit.</strong></span> <span class='ocrx_word' id='word_1_35' title='bbox 593 969 632 979; x_wconf 87' lang='lat'>—</span> <span class='ocrx_word' id='word_1_36' title='bbox 666 931 783 994; x_wconf 87' lang='lat' dir='ltr'><strong>Athen.</strong></span> <span class='ocrx_word' id='word_1_37' title='bbox 811 931 905 1011; x_wconf 87' lang='lat' dir='ltr'>XIII,</span> <span class='ocrx_word' id='word_1_38' title='bbox 942 955 973 1019; x_wconf 92' lang='lat' dir='ltr'><strong>p.</strong></span> <span class='ocrx_word' id='word_1_39' title='bbox 1004 933 1081 1014; x_wconf 83' lang='lat'><strong>573,</strong></span> <span class='ocrx_word' id='word_1_40' title='bbox 1111 959 1138 1000; x_wconf 92' lang='lat' dir='ltr'><strong>e.</strong></span> 
     </span>
     <span class='ocr_line' id='line_1_7' title="bbox 104 1028 1142 1120; baseline 0 -21"><span class='ocrx_word' id='word_1_41' title='bbox 104 1031 259 1118; x_wconf 75' lang='grc' dir='ltr'><strong><em>,Πόρνης</em></strong></span> <span class='ocrx_word' id='word_1_42' title='bbox 280 1033 315 1101; x_wconf 78' lang='grc' dir='ltr'><strong>δὲ</strong></span> <span class='ocrx_word' id='word_1_43' title='bbox 333 1030 530 1119; x_wconf 75' lang='grc' dir='ltr'><strong><em>Ἀφροδίτης</em></strong></span> <span class='ocrx_word' id='word_1_44' title='bbox 551 1028 645 1112; x_wconf 81' lang='grc' dir='ltr'><strong><em>ἱερόν</em></strong></span> <span class='ocrx_word' id='word_1_45' title='bbox 667 1030 734 1101; x_wconf 79' lang='grc' dir='ltr'><strong><em>ἐστι</em></strong></span> <span class='ocrx_word' id='word_1_46' title='bbox 756 1031 847 1115; x_wconf 77' lang='grc' dir='ltr'><em>παρὰ</em></span> <span class='ocrx_word' id='word_1_47' title='bbox 863 1030 1074 1120; x_wconf 74' lang='grc' dir='ltr'><em>Ἀβυδηνοῖς,</em></span> <span class='ocrx_word' id='word_1_48' title='bbox 1097 1034 1142 1116; x_wconf 73' lang='grc' dir='ltr'><strong><em>τίς</em></strong></span> 
     </span>
     <span class='ocr_line' id='line_1_8' title="bbox 105 1134 1142 1226; baseline 0.001 -24"><span class='ocrx_word' id='word_1_49' title='bbox 105 1153 188 1226; x_wconf 65' lang='lat' dir='ltr'><strong>papea</strong></span> <span class='ocrx_word' id='word_1_50' title='bbox 199 1134 334 1222; x_wconf 81' lang='grc' dir='ltr'><strong>Πάμφ.“</strong></span> <span class='ocrx_word' id='word_1_51' title='bbox 357 1149 425 1201; x_wconf 89' lang='lat' dir='ltr'><strong>cett.</strong></span> <span class='ocrx_word' id='word_1_52' title='bbox 448 1137 485 1200; x_wconf 91' lang='lat' dir='ltr'><strong>ln</strong></span> <span class='ocrx_word' id='word_1_53' title='bbox 500 1137 657 1216; x_wconf 86' lang='lat' dir='ltr'><strong>Hesychio</strong></span> <span class='ocrx_word' id='word_1_54' title='bbox 675 1135 715 1198; x_wconf 91' lang='lat' dir='ltr'><strong>de</strong></span> <span class='ocrx_word' id='word_1_55' title='bbox 728 1136 858 1201; x_wconf 89' lang='lat' dir='ltr'><strong>Veneris</strong></span> <span class='ocrx_word' id='word_1_56' title='bbox 870 1140 985 1222; x_wconf 89' lang='lat' dir='ltr'><strong>templo</strong></span> <span class='ocrx_word' id='word_1_57' title='bbox 997 1160 1037 1201; x_wconf 93' lang='lat' dir='ltr'><strong>ne</strong></span> <span class='ocrx_word' id='word_1_58' title='bbox 1047 1141 1142 1203; x_wconf 91' lang='lat' dir='ltr'><strong>mini-</strong></span> 
     </span>
     <span class='ocr_line' id='line_1_9' title="bbox 103 1237 1144 1326; baseline 0.006 -24"><span class='ocrx_word' id='word_1_59' title='bbox 103 1263 190 1313; x_wconf 86' lang='lat' dir='ltr'><strong>mum</strong></span> <span class='ocrx_word' id='word_1_60' title='bbox 200 1241 325 1326; x_wconf 89' lang='lat' dir='ltr'><strong>quidem</strong></span> <span class='ocrx_word' id='word_1_61' title='bbox 340 1261 358 1301; x_wconf 91' lang='lat' dir='ltr'><strong>a</strong></span> <span class='ocrx_word' id='word_1_62' title='bbox 371 1259 423 1300; x_wconf 91' lang='lat' dir='ltr'><strong>me</strong></span> <span class='ocrx_word' id='word_1_63' title='bbox 438 1249 592 1322; x_wconf 87' lang='lat' dir='ltr'><strong>repertum</strong></span> <span class='ocrx_word' id='word_1_64' title='bbox 603 1249 649 1300; x_wconf 86' lang='lat' dir='ltr'><strong>est</strong></span> <span class='ocrx_word' id='word_1_65' title='bbox 661 1237 839 1319; x_wconf 81' lang='lat' dir='ltr'><strong>vestigium,</strong></span> <span class='ocrx_word' id='word_1_66' title='bbox 860 1250 892 1301; x_wconf 91' lang='lat' dir='ltr'><strong>ut</strong></span> <span class='ocrx_word' id='word_1_67' title='bbox 905 1239 964 1301; x_wconf 88' lang='lat' dir='ltr'><strong>nisi</strong></span> <span class='ocrx_word' id='word_1_68' title='bbox 977 1241 1052 1303; x_wconf 92' lang='lat' dir='ltr'><strong>alius</strong></span> <span class='ocrx_word' id='word_1_69' title='bbox 1066 1243 1144 1307; x_wconf 85' lang='lat' dir='ltr'><strong>liber</strong></span> 
     </span>
     <span class='ocr_line' id='line_1_10' title="bbox 103 1337 1143 1426; baseline 0.001 -21"><span class='ocrx_word' id='word_1_70' title='bbox 103 1344 305 1423; x_wconf 83' lang='lat' dir='ltr'><strong>significatur,</strong></span> <span class='ocrx_word' id='word_1_71' title='bbox 323 1361 424 1425; x_wconf 88' lang='lat' dir='ltr'><strong>neque</strong></span> <span class='ocrx_word' id='word_1_72' title='bbox 437 1337 590 1424; x_wconf 85' lang='lat' dir='ltr'>Pamphili</span> <span class='ocrx_word' id='word_1_73' title='bbox 602 1360 717 1402; x_wconf 90' lang='lat' dir='ltr'><strong>nomen</strong></span> <span class='ocrx_word' id='word_1_74' title='bbox 734 1341 786 1402; x_wconf 88' lang='lat' dir='ltr'><strong>alii</strong></span> <span class='ocrx_word' id='word_1_75' title='bbox 807 1345 911 1403; x_wconf 91' lang='lat' dir='ltr'><strong>locum</strong></span> <span class='ocrx_word' id='word_1_76' title='bbox 922 1342 1061 1426; x_wconf 85' lang='lat' dir='ltr'><strong>relinquit</strong></span> <span class='ocrx_word' id='word_1_77' title='bbox 1076 1366 1143 1408; x_wconf 87' lang='lat' dir='ltr'><strong>me-</strong></span> 
     </span>
     <span class='ocr_line' id='line_1_11' title="bbox 104 1442 1182 1527; baseline 0.006 -23"><span class='ocrx_word' id='word_1_78' title='bbox 104 1446 171 1522; x_wconf 88' lang='lat' dir='ltr'><strong>rito,</strong></span> <span class='ocrx_word' id='word_1_79' title='bbox 192 1443 418 1525; x_wconf 78' lang='lat' dir='ltr'><strong>Diogenianum</strong></span> <span class='ocrx_word' id='word_1_80' title='bbox 432 1462 467 1502; x_wconf 93' lang='lat' dir='ltr'><strong>ea</strong></span> <span class='ocrx_word' id='word_1_81' title='bbox 469 1452 634 1526; x_wconf 87' lang='lat' dir='ltr'><strong>,tanquam</strong></span> <span class='ocrx_word' id='word_1_82' title='bbox 647 1463 665 1504; x_wconf 91' lang='lat' dir='ltr'><strong>a</strong></span> <span class='ocrx_word' id='word_1_83' title='bbox 677 1442 775 1504; x_wconf 85' lang='lat' dir='ltr'><strong>lexico</strong></span> <span class='ocrx_word' id='word_1_84' title='bbox 790 1442 888 1503; x_wconf 88' lang='lat' dir='ltr'><strong>aliena</strong></span> <span class='ocrx_word' id='word_1_85' title='bbox 888 1445 1144 1527; x_wconf 85' lang='lat' dir='ltr'><strong>,praeteunisisse</strong></span> <span class='ocrx_word' id='word_1_86' title='bbox 1176 1460 1182 1469; x_wconf 84' lang='lat'><strong><em>‘</em></strong></span> 
     </span>
    </p>
   </div>
   <div class='ocr_carea' id='block_1_4' title="bbox 107 1537 1265 1626">
    <p class='ocr_par' dir='ltr' id='par_1_4' title="bbox 107 1537 1265 1626">
     <span class='ocr_line' id='line_1_12' title="bbox 107 1537 1265 1626; baseline 0.007 -22"><span class='ocrx_word' id='word_1_87' title='bbox 107 1543 237 1605; x_wconf 88' lang='lat' dir='ltr'><strong>credam.</strong></span> <span class='ocrx_word' id='word_1_88' title='bbox 284 1542 389 1606; x_wconf 89' lang='lat' dir='ltr'><strong>Voces</strong></span> <span class='ocrx_word' id='word_1_89' title='bbox 409 1553 572 1619; x_wconf 88' lang='lat' dir='ltr'><strong>exstant„</strong></span> <span class='ocrx_word' id='word_1_90' title='bbox 572 1537 728 1624; x_wconf 78' lang='grc' dir='ltr'><strong>Ἀ,βυδος</strong></span> <span class='ocrx_word' id='word_1_91' title='bbox 752 1537 951 1625; x_wconf 75' lang='grc' dir='ltr'><em>Ἀβυδόθεν,</em></span> <span class='ocrx_word' id='word_1_92' title='bbox 971 1537 1146 1626; x_wconf 84' lang='grc' dir='ltr'><strong>Ἀβυδοκό-</strong></span> <span class='ocrx_word' id='word_1_93' title='bbox 1263 1572 1265 1580; x_wconf 62' lang='grc'>’</span> 
     </span>
    </p>
   </div>
   <div class='ocr_carea' id='block_1_5' title="bbox 103 1637 1158 2639">
    <p class='ocr_par' dir='ltr' id='par_1_5' title="bbox 106 1637 1158 2638">
     <span class='ocr_line' id='line_1_13' title="bbox 106 1637 1144 1730; baseline 0.004 -22"><span class='ocrx_word' id='word_1_94' title='bbox 106 1666 188 1727; x_wconf 71' lang='lat' dir='ltr'><strong>pac,</strong></span> <span class='ocrx_word' id='word_1_95' title='bbox 208 1637 403 1726; x_wconf 45' lang='lat' dir='ltr'><strong>&#39;‘illulatcst</strong></span> <span class='ocrx_word' id='word_1_96' title='bbox 398 1639 567 1726; x_wconf 84' lang='grc' dir='ltr'><strong><em>Αβνδινόν</em></strong></span> <span class='ocrx_word' id='word_1_97' title='bbox 588 1639 821 1728; x_wconf 43' lang='grc' dir='ltr'><strong><em>ἐτττφιίνημαέ</em></strong></span> <span class='ocrx_word' id='word_1_98' title='bbox 841 1676 885 1690; x_wconf 90' lang='lat'><strong>··-</strong></span> <span class='ocrx_word' id='word_1_99' title='bbox 912 1643 1029 1709; x_wconf 84' lang='lat' dir='ltr'><strong>Athen.</strong></span> <span class='ocrx_word' id='word_1_100' title='bbox 1053 1647 1144 1730; x_wconf 91' lang='lat' dir='ltr'>XIV,</span> 
     </span>
     <span class='ocr_line' id='line_1_14' title="bbox 108 1739 1158 1832; baseline 0.005 -22"><span class='ocrx_word' id='word_1_101' title='bbox 108 1746 180 1810; x_wconf 83' lang='lat'><strong>645.</strong></span> <span class='ocrx_word' id='word_1_102' title='bbox 203 1768 230 1808; x_wconf 88' lang='lat' dir='ltr'><strong>e.</strong></span> <span class='ocrx_word' id='word_1_103' title='bbox 257 1739 471 1828; x_wconf 81' lang='grc' dir='ltr'><strong><em>,,Ἐπτχύτων·</em></strong></span> <span class='ocrx_word' id='word_1_104' title='bbox 492 1779 535 1791; x_wconf 95' lang='grc'>-</span> <span class='ocrx_word' id='word_1_105' title='bbox 558 1743 732 1829; x_wconf 82' lang='grc' dir='ltr'><strong>Πάμφιλος</strong></span> <span class='ocrx_word' id='word_1_106' title='bbox 755 1743 790 1810; x_wconf 79' lang='grc' dir='ltr'><strong>δὲ</strong></span> <span class='ocrx_word' id='word_1_107' title='bbox 810 1741 870 1810; x_wconf 76' lang='grc' dir='ltr'><strong><em>τᾶν</em></strong></span> <span class='ocrx_word' id='word_1_108' title='bbox 892 1740 1065 1832; x_wconf 73' lang='grc' dir='ltr'><strong><em>ἀττανίτην</em></strong></span> <span class='ocrx_word' id='word_1_109' title='bbox 1085 1773 1158 1816; x_wconf 79' lang='lat' dir='ltr'><strong>uu·-</strong></span> 
     </span>
     <span class='ocr_line' id='line_1_15' title="bbox 107 1842 1146 1930; baseline 0.01 -21"><span class='ocrx_word' id='word_1_110' title='bbox 107 1842 272 1929; x_wconf 78' lang='grc' dir='ltr'><strong><em>λούμενον</em></strong></span> <span class='ocrx_word' id='word_1_111' title='bbox 300 1843 454 1930; x_wconf 76' lang='grc' dir='ltr'><strong><em>ἐπίχυτόν</em></strong></span> <span class='ocrx_word' id='word_1_112' title='bbox 481 1862 563 1930; x_wconf 83' lang='grc' dir='ltr'><strong>φησι</strong></span> <span class='ocrx_word' id='word_1_113' title='bbox 593 1851 780 1913; x_wconf 79' lang='grc' dir='ltr'><strong><em>καλεῖσθαι</em></strong></span> <span class='ocrx_word' id='word_1_114' title='bbox 816 1851 879 1912; x_wconf 81' lang='grc' dir='ltr'><strong><em>τοῦ</em></strong></span> <span class='ocrx_word' id='word_1_115' title='bbox 906 1847 942 1914; x_wconf 78' lang='grc' dir='ltr'><strong>δὲ</strong></span> <span class='ocrx_word' id='word_1_116' title='bbox 971 1847 1146 1919; x_wconf 77' lang='grc' dir='ltr'><strong><em>ἀττανίτου</em></strong></span> 
     </span>
     <span class='ocr_line' id='line_1_16' title="bbox 103 1941 1147 2047; baseline 0.009 -36.07"><span class='ocrx_word' id='word_1_117' title='bbox 103 1942 227 2012; x_wconf 75' lang='lat' dir='ltr'><strong>quen</strong></span> <span class='ocrx_word' id='word_1_118' title='bbox 221 1947 330 2026; x_wconf 87' lang='grc' dir='ltr'><strong>αξ</strong></span> <span class='ocrx_word' id='word_1_119' title='bbox 287 1971 393 2031; x_wconf 75' lang='lat' dir='ltr'><strong>pc</strong></span> <span class='ocrx_word' id='word_1_120' title='bbox 394 1953 570 2032; x_wconf 80' lang='grc' dir='ltr'><strong><em>ημυνενει</em></strong></span> <span class='ocrx_word' id='word_1_121' title='bbox 593 1952 793 2047; x_wconf 84' lang='lat' dir='ltr'><strong>Hesychius,</strong></span> <span class='ocrx_word' id='word_1_122' title='bbox 795 1941 1035 2027; x_wconf 75' lang='grc' dir='ltr'><strong><em>,ἄττανίτας-</em></strong></span> <span class='ocrx_word' id='word_1_123' title='bbox 994 1976 1147 2039; x_wconf 75' lang='grc' dir='ltr'><strong><em>--τηγα</em></strong></span> 
     </span>
     <span class='ocr_line' id='line_1_17' title="bbox 109 2043 1147 2142; baseline 0.007 -29"><span class='ocrx_word' id='word_1_124' title='bbox 109 2048 222 2125; x_wconf 80' lang='grc' dir='ltr'><strong><em>νίτας“</em></strong></span> <span class='ocrx_word' id='word_1_125' title='bbox 242 2043 447 2132; x_wconf 48' lang='grc' dir='ltr'><strong><em>,,Ἐυίχντονι</em></strong></span> <span class='ocrx_word' id='word_1_126' title='bbox 471 2043 558 2126; x_wconf 77' lang='grc' dir='ltr'><em>εἶδος</em></span> <span class='ocrx_word' id='word_1_127' title='bbox 578 2048 778 2134; x_wconf 82' lang='grc' dir='ltr'><strong><em>πίμμντος.“</em></strong></span> <span class='ocrx_word' id='word_1_128' title='bbox 819 2049 945 2130; x_wconf 88' lang='lat' dir='ltr'><strong>Ergoin</strong></span> <span class='ocrx_word' id='word_1_129' title='bbox 964 2056 1012 2117; x_wconf 89' lang='lat' dir='ltr'><strong>his</strong></span> <span class='ocrx_word' id='word_1_130' title='bbox 1026 2078 1147 2142; x_wconf 88' lang='lat' dir='ltr'><strong>quoquc</strong></span> 
     </span>
     <span class='ocr_line' id='line_1_18' title="bbox 109 2149 1149 2267; baseline 0.013 -57"><span class='ocrx_word' id='word_1_131' title='bbox 109 2149 325 2267; x_wconf 54' lang='lat' dir='ltr'><strong>Epitoutffls</strong></span> <span class='ocrx_word' id='word_1_132' title='bbox 337 2176 445 2216; x_wconf 87' lang='lat' dir='ltr'><strong>manus</strong></span> <span class='ocrx_word' id='word_1_133' title='bbox 460 2155 639 2233; x_wconf 79' lang='lat' dir='ltr'><strong>agnoscitur.</strong></span> <span class='ocrx_word' id='word_1_134' title='bbox 656 2191 694 2201; x_wconf 94' lang='lat'><em>-</em></span> <span class='ocrx_word' id='word_1_135' title='bbox 709 2151 825 2214; x_wconf 83' lang='lat' dir='ltr'><strong>Athen</strong></span> <span class='ocrx_word' id='word_1_136' title='bbox 839 2151 929 2231; x_wconf 91' lang='lat' dir='ltr'>XIV,</span> <span class='ocrx_word' id='word_1_137' title='bbox 950 2154 1020 2219; x_wconf 81' lang='lat'><strong>642.</strong></span> <span class='ocrx_word' id='word_1_138' title='bbox 1043 2154 1149 2234; x_wconf 82' lang='grc' dir='ltr'><em>,,Ἀπί·</em></span> 
     </span>
     <span class='ocr_line' id='line_1_19' title="bbox 112 2206 1150 2341; baseline 0.007 -24"><span class='ocrx_word' id='word_1_139' title='bbox 112 2273 167 2331; x_wconf 80' lang='grc' dir='ltr'><strong><em>ων</em></strong></span> <span class='ocrx_word' id='word_1_140' title='bbox 183 2249 219 2317; x_wconf 74' lang='lat' dir='ltr'><strong>il</strong></span> <span class='ocrx_word' id='word_1_141' title='bbox 231 2230 302 2323; x_wconf 71' lang='grc' dir='ltr'><strong><em>’ίτνί-</em></strong></span> <span class='ocrx_word' id='word_1_142' title='bbox 318 2250 560 2336; x_wconf 73' lang='grc' dir='ltr'><strong>Διόδωρος,’</strong></span> <span class='ocrx_word' id='word_1_143' title='bbox 539 2249 584 2329; x_wconf 75' lang='grc' dir='ltr'><strong><em>τίς</em></strong></span> <span class='ocrx_word' id='word_1_144' title='bbox 614 2268 695 2336; x_wconf 83' lang='grc' dir='ltr'><strong>φησι</strong></span> <span class='ocrx_word' id='word_1_145' title='bbox 718 2248 850 2336; x_wconf 64' lang='lat' dir='ltr'><strong>Harena,</strong></span> <span class='ocrx_word' id='word_1_146' title='bbox 880 2206 1050 2320; x_wconf 64' lang='lat' dir='ltr'><strong>{natural</strong></span> <span class='ocrx_word' id='word_1_147' title='bbox 1067 2273 1150 2341; x_wconf 85' lang='grc' dir='ltr'><strong>φασι</strong></span> 
     </span>
     <span class='ocr_line' id='line_1_20' title="bbox 111 2351 1150 2440; baseline 0.006 -21"><span class='ocrx_word' id='word_1_148' title='bbox 111 2357 283 2427; x_wconf 73' lang='grc' dir='ltr'><strong><em>καλεῖσθαι</em></strong></span> <span class='ocrx_word' id='word_1_149' title='bbox 317 2353 358 2420; x_wconf 84' lang='grc' dir='ltr'><strong><em>τὰ</em></strong></span> <span class='ocrx_word' id='word_1_150' title='bbox 384 2351 465 2439; x_wconf 81' lang='grc' dir='ltr'><strong><em>μετὰ</em></strong></span> <span class='ocrx_word' id='word_1_151' title='bbox 500 2352 538 2420; x_wconf 89' lang='grc' dir='ltr'>τό</span> <span class='ocrx_word' id='word_1_152' title='bbox 567 2356 702 2437; x_wconf 60' lang='grc' dir='ltr'><strong><em>δεῖπνον</em></strong></span> <span class='ocrx_word' id='word_1_153' title='bbox 728 2351 934 2438; x_wconf 72' lang='grc' dir='ltr'><strong>τυνιγήμντνιι</strong></span> <span class='ocrx_word' id='word_1_154' title='bbox 936 2359 1150 2440; x_wconf 88' lang='lat' dir='ltr'><strong>‘Hesychius</strong></span> 
     </span>
     <span class='ocr_line' id='line_1_21' title="bbox 112 2449 1151 2539; baseline 0.007 -19.316"><span class='ocrx_word' id='word_1_155' title='bbox 112 2449 263 2536; x_wconf 82' lang='grc' dir='ltr'><strong><em>,,α·ίκνον</em></strong></span> <span class='ocrx_word' id='word_1_156' title='bbox 276 2456 454 2537; x_wconf 55' lang='lat' dir='ltr'><strong>tetecum,</strong></span> <span class='ocrx_word' id='word_1_157' title='bbox 456 2453 663 2537; x_wconf 74' lang='grc' dir='ltr'><strong><em>,Ἀντίκλεια</em></strong></span> <span class='ocrx_word' id='word_1_158' title='bbox 675 2454 833 2525; x_wconf 79' lang='grc' dir='ltr'><strong><em>νίὸειττνα“</em></strong></span> <span class='ocrx_word' id='word_1_159' title='bbox 850 2457 985 2539; x_wconf 56' lang='lat' dir='ltr'><strong>„aluisi</strong></span> <span class='ocrx_word' id='word_1_160' title='bbox 1007 2459 1151 2527; x_wconf 74' lang='grc' dir='ltr'><strong>διιιττνειι</strong></span> 
     </span>
     <span class='ocr_line' id='line_1_22' title="bbox 112 2553 1151 2639; baseline 0.005 -17.103"><span class='ocrx_word' id='word_1_161' title='bbox 112 2553 271 2639; x_wconf 75' lang='grc' dir='ltr'><strong><em>,,Είττλόν</em></strong></span> <span class='ocrx_word' id='word_1_162' title='bbox 289 2554 486 2639; x_wconf 75' lang='grc' dir='ltr'><strong><em>δεῖπνον“,,’</em></strong></span> <span class='ocrx_word' id='word_1_163' title='bbox 483 2555 679 2638; x_wconf 44' lang='lat' dir='ltr'><strong>mercatust</strong></span> <span class='ocrx_word' id='word_1_164' title='bbox 658 2582 725 2625; x_wconf 85' lang='grc' dir='ltr'><strong><em>αττυ</em></strong></span> <span class='ocrx_word' id='word_1_165' title='bbox 714 2557 896 2626; x_wconf 70' lang='grc' dir='ltr'><strong><em>δείπνου*</em></strong></span> <span class='ocrx_word' id='word_1_166' title='bbox 887 2564 909 2598; x_wconf 85' lang='grc'><strong>“</strong></span> <span class='ocrx_word' id='word_1_167' title='bbox 934 2561 1035 2625; x_wconf 87' lang='lat' dir='ltr'><strong>Abest</strong></span> <span class='ocrx_word' id='word_1_168' title='bbox 1047 2576 1151 2627; x_wconf 89' lang='lat' dir='ltr'><strong>tamen</strong></span> 
     </span>
    </p>
   </div>
   <div class='ocr_carea' id='block_1_6' title="bbox 112 2607 1190 2827">
    <p class='ocr_par' dir='ltr' id='par_1_6' title="bbox 112 2607 1190 2827">
     <span class='ocr_line' id='line_1_23' title="bbox 112 2607 1190 2750; baseline 0 -25"><span class='ocrx_word' id='word_1_169' title='bbox 112 2607 294 2734; x_wconf 68' lang='grc' dir='ltr'><strong><em>ίτταίκίετας</em></strong></span> <span class='ocrx_word' id='word_1_170' title='bbox 287 2684 405 2746; x_wconf 89' lang='lat' dir='ltr'><strong>quare</strong></span> <span class='ocrx_word' id='word_1_171' title='bbox 419 2607 496 2722; x_wconf 74' lang='lat' dir='ltr'><strong>miii</strong></span> <span class='ocrx_word' id='word_1_172' title='bbox 509 2662 672 2726; x_wconf 81' lang='lat' dir='ltr'><strong>verisimile</strong></span> <span class='ocrx_word' id='word_1_173' title='bbox 685 2674 748 2727; x_wconf 91' lang='lat' dir='ltr'><strong>est.</strong></span> <span class='ocrx_word' id='word_1_174' title='bbox 770 2663 947 2750; x_wconf 75' lang='lat' dir='ltr'><strong>Pamphilus</strong></span> <span class='ocrx_word' id='word_1_175' title='bbox 959 2686 1029 2726; x_wconf 91' lang='lat' dir='ltr'><strong>eam</strong></span> <span class='ocrx_word' id='word_1_176' title='bbox 1042 2687 1153 2730; x_wconf 86' lang='lat' dir='ltr'><strong>vocem</strong></span> <span class='ocrx_word' id='word_1_177' title='bbox 1188 2721 1190 2725; x_wconf 81' lang='grc'><em>,</em></span> 
     </span>
     <span class='ocr_line' id='line_1_24' title="bbox 115 2757 535 2827; baseline -0.005 -1"><span class='ocrx_word' id='word_1_178' title='bbox 115 2785 140 2826; x_wconf 91' lang='lat' dir='ltr'><strong>s.</strong></span> <span class='ocrx_word' id='word_1_179' title='bbox 159 2786 189 2827; x_wconf 86' lang='lat' dir='ltr'><strong>v.</strong></span> <span class='ocrx_word' id='word_1_180' title='bbox 213 2757 330 2827; x_wconf 85' lang='grc' dir='ltr'><strong><em>αίκνον</em></strong></span> <span class='ocrx_word' id='word_1_181' title='bbox 349 2774 535 2826; x_wconf 77' lang='lat' dir='ltr'><strong>tractaverat.</strong></span> 
     </span>
    </p>
   </div>
   <div class='ocr_carea' id='block_1_7' title="bbox 63 2947 1157 3442">
    <p class='ocr_par' dir='ltr' id='par_1_7' title="bbox 63 2947 1157 3442">
     <span class='ocr_line' id='line_1_25' title="bbox 201 2947 1154 3034; baseline 0.004 -21"><span class='ocrx_word' id='word_1_182' title='bbox 201 2951 258 3013; x_wconf 90' lang='lat' dir='ltr'><strong>His</strong></span> <span class='ocrx_word' id='word_1_183' title='bbox 277 2951 309 3012; x_wconf 92' lang='lat' dir='ltr'><strong>in</strong></span> <span class='ocrx_word' id='word_1_184' title='bbox 328 2948 403 3011; x_wconf 89' lang='lat' dir='ltr'><strong>locis</strong></span> <span class='ocrx_word' id='word_1_185' title='bbox 424 2948 497 3028; x_wconf 84' lang='lat' dir='ltr'><strong>solis</strong></span> <span class='ocrx_word' id='word_1_186' title='bbox 515 2947 668 3034; x_wconf 85' lang='lat' dir='ltr'><strong>Pamphili</strong></span> <span class='ocrx_word' id='word_1_187' title='bbox 689 2969 804 3013; x_wconf 90' lang='lat' dir='ltr'><strong>nomen</strong></span> <span class='ocrx_word' id='word_1_188' title='bbox 827 2953 866 3014; x_wconf 91' lang='lat' dir='ltr'><strong>ab</strong></span> <span class='ocrx_word' id='word_1_189' title='bbox 880 2949 1045 3016; x_wconf 85' lang='lat' dir='ltr'><strong>Athenaeo</strong></span> <span class='ocrx_word' id='word_1_190' title='bbox 1068 2975 1154 3017; x_wconf 89' lang='lat' dir='ltr'><strong>com·</strong></span> 
     </span>
     <span class='ocr_line' id='line_1_26' title="bbox 63 3049 1154 3136; baseline 0.004 -22"><span class='ocrx_word' id='word_1_191' title='bbox 63 3051 65 3059; x_wconf 84' lang='lat'>&#39;</span> <span class='ocrx_word' id='word_1_192' title='bbox 115 3056 320 3133; x_wconf 83' lang='lat' dir='ltr'><strong>memoratum</strong></span> <span class='ocrx_word' id='word_1_193' title='bbox 339 3061 393 3114; x_wconf 87' lang='lat' dir='ltr'><strong>est.</strong></span> <span class='ocrx_word' id='word_1_194' title='bbox 441 3049 548 3136; x_wconf 89' lang='lat' dir='ltr'><strong>Neque</strong></span> <span class='ocrx_word' id='word_1_195' title='bbox 566 3062 670 3112; x_wconf 89' lang='lat' dir='ltr'><strong>tamen</strong></span> <span class='ocrx_word' id='word_1_196' title='bbox 687 3055 812 3133; x_wconf 83' lang='lat' dir='ltr'><strong>longam</strong></span> <span class='ocrx_word' id='word_1_197' title='bbox 827 3064 962 3119; x_wconf 82' lang='lat' dir='ltr'><strong>nostram</strong></span> <span class='ocrx_word' id='word_1_198' title='bbox 981 3066 1011 3117; x_wconf 93' lang='lat' dir='ltr'><strong>et</strong></span> <span class='ocrx_word' id='word_1_199' title='bbox 1028 3053 1154 3118; x_wconf 87' lang='lat' dir='ltr'><strong>arduam</strong></span> 
     </span>
     <span class='ocr_line' id='line_1_27' title="bbox 116 3150 1156 3241; baseline -0.001 -22"><span class='ocrx_word' id='word_1_200' title='bbox 116 3157 200 3235; x_wconf 78' lang='lat' dir='ltr'><strong>riam</strong></span> <span class='ocrx_word' id='word_1_201' title='bbox 211 3154 421 3241; x_wconf 84' lang='lat' dir='ltr'><strong>superavimus</strong></span> <span class='ocrx_word' id='word_1_202' title='bbox 435 3164 548 3215; x_wconf 86' lang='lat' dir='ltr'><strong>totaro:</strong></span> <span class='ocrx_word' id='word_1_203' title='bbox 570 3153 639 3237; x_wconf 89' lang='lat' dir='ltr'><strong>quia</strong></span> <span class='ocrx_word' id='word_1_204' title='bbox 651 3150 831 3217; x_wconf 88' lang='lat' dir='ltr'><strong>Athenaeus</strong></span> <span class='ocrx_word' id='word_1_205' title='bbox 851 3156 924 3218; x_wconf 87' lang='lat' dir='ltr'><strong>alibi</strong></span> <span class='ocrx_word' id='word_1_206' title='bbox 944 3150 1081 3240; x_wconf 86' lang='lat' dir='ltr'><strong>quoque,</strong></span> <span class='ocrx_word' id='word_1_207' title='bbox 1102 3157 1156 3220; x_wconf 92' lang='lat' dir='ltr'><strong>ubi</strong></span> 
     </span>
     <span class='ocr_line' id='line_1_28' title="bbox 117 3254 1157 3343; baseline 0 -24"><span class='ocrx_word' id='word_1_208' title='bbox 117 3256 311 3343; x_wconf 87' lang='lat' dir='ltr'><strong>Pamphilum</strong></span> <span class='ocrx_word' id='word_1_209' title='bbox 322 3279 387 3319; x_wconf 91' lang='lat' dir='ltr'><strong>non</strong></span> <span class='ocrx_word' id='word_1_210' title='bbox 401 3254 585 3332; x_wconf 83' lang='lat' dir='ltr'><strong>nominavit,</strong></span> <span class='ocrx_word' id='word_1_211' title='bbox 608 3254 673 3316; x_wconf 89' lang='lat' dir='ltr'><strong>eius</strong></span> <span class='ocrx_word' id='word_1_212' title='bbox 685 3257 860 3321; x_wconf 84' lang='lat' dir='ltr'><strong>thesaurum</strong></span> <span class='ocrx_word' id='word_1_213' title='bbox 874 3258 1007 3342; x_wconf 83' lang='lat' dir='ltr'><strong>expilare</strong></span> <span class='ocrx_word' id='word_1_214' title='bbox 1020 3279 1083 3320; x_wconf 88' lang='lat' dir='ltr'><strong>non</strong></span> <span class='ocrx_word' id='word_1_215' title='bbox 1102 3256 1157 3319; x_wconf 82' lang='lat' dir='ltr'><strong>de-</strong></span> 
     </span>
     <span class='ocr_line' id='line_1_29' title="bbox 120 3352 784 3442; baseline -0.005 -21"><span class='ocrx_word' id='word_1_216' title='bbox 120 3356 258 3439; x_wconf 82' lang='lat' dir='ltr'><strong>dignatus</strong></span> <span class='ocrx_word' id='word_1_217' title='bbox 271 3371 330 3438; x_wconf 89' lang='lat' dir='ltr'><strong>est,</strong></span> <span class='ocrx_word' id='word_1_218' title='bbox 353 3357 392 3420; x_wconf 89' lang='lat' dir='ltr'><strong>de</strong></span> <span class='ocrx_word' id='word_1_219' title='bbox 406 3378 466 3442; x_wconf 94' lang='lat' dir='ltr'><strong>quo</strong></span> <span class='ocrx_word' id='word_1_220' title='bbox 480 3355 543 3417; x_wconf 89' lang='lat' dir='ltr'><strong>iam</strong></span> <span class='ocrx_word' id='word_1_221' title='bbox 557 3352 784 3439; x_wconf 85' lang='lat' dir='ltr'><strong>disputabimus.</strong></span> 
     </span>
    </p>
   </div>
   <div class='ocr_carea' id='block_1_8' title="bbox 123 3634 1163 4164">
    <p class='ocr_par' dir='ltr' id='par_1_8' title="bbox 600 3634 685 3726">
     <span class='ocr_line' id='line_1_30' title="bbox 600 3634 685 3726; baseline 0 0"><span class='ocrx_word' id='word_1_222' title='bbox 600 3641 626 3726; x_wconf 79' lang='lat' dir='ltr'><strong>s·</strong></span> <span class='ocrx_word' id='word_1_223' title='bbox 649 3634 685 3706; x_wconf 74' lang='lat'><strong>2:</strong></span> 
     </span>
    </p>

    <p class='ocr_par' dir='ltr' id='par_1_9' title="bbox 123 3793 1163 4086">
     <span class='ocr_line' id='line_1_31' title="bbox 195 3793 1161 3885; baseline 0 -27"><span class='ocrx_word' id='word_1_224' title='bbox 195 3793 300 3885; x_wconf 39' lang='lat' dir='ltr'><strong>‚Quae</strong></span> <span class='ocrx_word' id='word_1_225' title='bbox 316 3816 414 3880; x_wconf 89' lang='lat' dir='ltr'><strong>nuper</strong></span> <span class='ocrx_word' id='word_1_226' title='bbox 426 3795 551 3859; x_wconf 88' lang='lat' dir='ltr'><strong>demum</strong></span> <span class='ocrx_word' id='word_1_227' title='bbox 568 3796 685 3859; x_wconf 83' lang='lat' dir='ltr'><strong>tractari</strong></span> <span class='ocrx_word' id='word_1_228' title='bbox 699 3797 862 3858; x_wconf 88' lang='lat' dir='ltr'><strong>accuratius</strong></span> <span class='ocrx_word' id='word_1_229' title='bbox 884 3808 1009 3882; x_wconf 88' lang='lat' dir='ltr'><strong>coeptae</strong></span> <span class='ocrx_word' id='word_1_230' title='bbox 1028 3808 1099 3859; x_wconf 88' lang='lat' dir='ltr'><strong>sunt</strong></span> <span class='ocrx_word' id='word_1_231' title='bbox 1121 3796 1161 3858; x_wconf 89' lang='lat' dir='ltr'><strong>de</strong></span> 
     </span>
     <span class='ocr_line' id='line_1_32' title="bbox 123 3897 1162 3983; baseline 0 -23"><span class='ocrx_word' id='word_1_232' title='bbox 123 3901 312 3980; x_wconf 84' lang='lat' dir='ltr'><strong>singulorum</strong></span> <span class='ocrx_word' id='word_1_233' title='bbox 320 3897 498 3982; x_wconf 89' lang='lat' dir='ltr'><strong>scriptorum</strong></span> <span class='ocrx_word' id='word_1_234' title='bbox 511 3899 645 3965; x_wconf 87' lang='lat' dir='ltr'><strong>fontibus</strong></span> <span class='ocrx_word' id='word_1_235' title='bbox 659 3897 867 3983; x_wconf 67' lang='lat' dir='ltr'><strong>quaestiones}</strong></span> <span class='ocrx_word' id='word_1_236' title='bbox 884 3899 997 3976; x_wconf 84' lang='lat' dir='ltr'><strong>largam</strong></span> <span class='ocrx_word' id='word_1_237' title='bbox 1011 3897 1162 3976; x_wconf 88' lang='lat' dir='ltr'><strong>omnihus,</strong></span> 
     </span>
     <span class='ocr_line' id='line_1_33' title="bbox 125 3999 1163 4086; baseline -0.002 -24"><span class='ocrx_word' id='word_1_238' title='bbox 125 4001 176 4086; x_wconf 92' lang='lat' dir='ltr'><strong>qui</strong></span> <span class='ocrx_word' id='word_1_239' title='bbox 184 3999 370 4086; x_wconf 83' lang='lat' dir='ltr'><strong>philologiae</strong></span> <span class='ocrx_word' id='word_1_240' title='bbox 379 4000 502 4086; x_wconf 87' lang='lat' dir='ltr'><strong>cupiunt</strong></span> <span class='ocrx_word' id='word_1_241' title='bbox 515 4011 546 4062; x_wconf 91' lang='lat' dir='ltr'><strong>et</strong></span> <span class='ocrx_word' id='word_1_242' title='bbox 553 4001 695 4064; x_wconf 90' lang='lat' dir='ltr'><strong>omnibus</strong></span> <span class='ocrx_word' id='word_1_243' title='bbox 701 4000 894 4065; x_wconf 83' lang='lat' dir='ltr'><strong>humanitatis</strong></span> <span class='ocrx_word' id='word_1_244' title='bbox 902 3999 1008 4062; x_wconf 88' lang='lat' dir='ltr'><strong>studiis</strong></span> <span class='ocrx_word' id='word_1_245' title='bbox 1020 3999 1163 4084; x_wconf 88' lang='lat' dir='ltr'><strong>prodesse</strong></span> 
     </span>
    </p>

    <p class='ocr_par' dir='ltr' id='par_1_10' title="bbox 273 4102 960 4164">
     <span class='ocr_line' id='line_1_34' title="bbox 273 4102 960 4164; baseline -0.001 1"><span class='ocrx_word' id='word_1_246' title='bbox 273 4102 277 4109; x_wconf 88' lang='lat'>&#39;</span> <span class='ocrx_word' id='word_1_247' title='bbox 938 4105 960 4164; x_wconf 78' lang='grc' dir='ltr'><strong>’ί</strong></span> 
     </span>
    </p>
   </div>
   <div class='ocr_carea' id='block_1_9' title="bbox 0 0 1299 4644">
    <p class='ocr_par' dir='ltr' id='par_1_11' title="bbox 0 0 1299 4644">
     <span class='ocr_line' id='line_1_35' title="bbox 0 0 1299 4644; baseline 0 0"><span class='ocrx_word' id='word_1_248' title='bbox 0 0 1299 4644; x_wconf 95' lang='lat' dir='ltr'><strong> </strong></span> 
     </span>
    </p>
   </div>
  </div>
 </body>
</html>
