2534 4644
363 248 379 279 ⁶
1082 249 1143 310 131

99 408 138 470 de
160 411 241 472 varia
264 410 348 474 vocis
378 402 539 472 τάλαντον
570 411 695 471 notione
718 433 780 471 non
808 421 944 472 accurate
972 411 1141 496 disputavit.

97 509 200 594 Itaque
224 513 284 572 hoc
313 532 432 594 quoque
464 512 638 573 testimonio
669 533 736 574 esse
767 524 882 596 potest,
914 511 1142 592 Diogenianum

97 632 161 672 non
178 613 279 694 ipsum
299 611 470 674 condidisse
490 614 625 690 lexicon,
647 611 703 674 sed
723 614 907 698 excerpsisse
928 616 1139 678 tantunnnodo

41 759 48 772 .
97 709 366 797 Pamphililibrosr
410 704 510 794 Cogor
527 726 629 775 autem
650 727 803 798 praetcrea
817 715 856 775 ad
870 718 1063 778 scholiastam
1078 718 1133 780 Na·

97 813 236 874 zianzeni
248 835 412 892 recurrere3
436 815 551 900 dequo
581 817 688 917 cpptius
707 818 791 900 loqui
811 838 951 901 possem,
973 818 1031 880 nisi
1047 818 1140 880 Μον-

98 915 252 976 tesalconii
281 915 357 978 libro
384 939 525 979 carerem.
575 915 721 1003 Smpicor
741 931 843 988 autern
868 941 904 980 ea
929 921 1038 997 verba,
1064 943 1140 1004 quae

99 1038 189 1101 supra
209 1019 330 1081 tractavi
359 1014 415 1094 „iu
437 1021 503 1081 τῶν
525 1022 747 1100 Διογενιανοῦ
769 1017 922 1103 ἐπιτομῆς
943 1023 1010 1083 τοῖν
1036 1017 1140 1104 Odeu-

102 1117 216 1179 orivov
233 1112 461 1199 ‘Ettqvtuuiv“,
491 1122 608 1197 scholio
639 1118 802 1198 Camerarii
824 1121 962 1184 addenda
986 1145 1068 1186 esse:
1099 1126 1140 1186 ita

99 1230 132 1278 ut
144 1218 225 1303 apud
237 1231 396 1302 utrumque
407 1221 602 1282 scholiastam
613 1221 697 1283 idern
716 1224 792 1284 liber
805 1223 960 1285 indicetur.
1003 1225 1069 1286 Nisi
1083 1229 1140 1287 fal-

99 1326 146 1384 lor
158 1322 263 1400 igitur,
284 1341 348 1381 non
362 1331 407 1381 est
419 1321 462 1380 ibi
480 1319 518 1380 de
531 1321 638 1384 Iustini
651 1324 783 1387 historiis
806 1326 935 1405 graecis,
958 1324 1013 1386 sed
1029 1326 1067 1387 de
1081 1349 1140 1389 vo·
1199 1323 1202 1328 ’

100 1443 169 1481 cmn
192 1423 369 1482 collectione
387 1441 506 1500 sermo3
528 1446 627 1507 neque
653 1427 733 1485 rnale
755 1426 971 1500 Valckenarius
993 1427 1030 1488 iis
1046 1429 1140 1503 lectis,

99 1523 239 1583 meminit
251 1523 387 1599 Vestini,
408 1544 499 1605 quem
517 1523 626 1587 Suidas
647 1525 798 1609 Pamphili
820 1527 973 1610 epitomen
987 1528 1140 1611 scripsisse

100 1636 269 1702 auctorest,
291 1646 316 1686 s.
332 1645 362 1687 v.
381 1618 574 1706 Οὐηστῖνος.
608 1624 725 1706 ‘Quum
738 1638 840 1687 autern
851 1625 1060 1705 Diogenianus
1076 1630 1141 1713 epi-

99 1736 204 1785 tomen
220 1725 370 1810 scripserit
381 1728 512 1811 quinque
528 1728 625 1808 libris3
649 1740 678 1790 et
692 1729 837 1791 Vestinus
857 1727 987 1805 eandem
1003 1742 1142 1814 quattuor

99 1827 181 1888 libris
204 1829 483 1910 comprehenderit:
519 1832 670 1892 absonum
690 1842 784 1907 esset,
812 1831 838 1890 si
865 1830 930 1913 quis
951 1854 989 1892 ex
1009 1831 1139 1893 Vestino

100 1928 327 2006 Diogenianum
343 1931 453 1990 iterum
479 1918 634 2014 epitomen
661 1933 768 1993 fecisse
798 1931 964 1991 coniiccret.
1017 1931 1071 1992 Au
1095 1944 1140 1995 est

102 2028 161 2087 hoc
176 2028 214 2088 de
235 2025 402 2108 ,ἐκλογαῖς
419 2025 591 2109 ὀνομάτων
605 2027 640 2092 ἐκ
654 2027 966 2111 τώνΔημοσθὲνονς
982 2031 1140 2112 βιβλίωνιι

102 2141 131 2190 ct
145 2129 293 2191 similibus
311 2130 555 2210 intelligendum,
578 2154 652 2216 quas
671 2131 780 2194 Suidas
802 2134 959 2195 recenset?
990 2130 1142 2215 Equidem

101 2231 178 2290 nihil
200 2231 277 2290 certi
306 2233 465 2294 affirmem.
515 2232 569 2293 Ad
597 2217 791 2317 l'arnplriltnn
819 2245 920 2294 autem
949 2233 995 2294 bis
1021 2255 1141 2317 quoque

100 2332 253 2393 trahimur.

580 2586 606 2668 s.
633 2594 660 2650 r.

186 2753 387 2836 Posteaquam
405 2755 625 2829 recensuimus,
648 2776 725 2837 quae
748 2754 786 2814 de
804 2753 988 2830 Diogeniani
1009 2756 1141 2838 epitome

103 2854 191 2914 lexici
212 2853 413 2938 Pamphiliani
430 2856 563 2937 conquiri
577 2866 732 2939 poterant:
764 2854 803 2916 de
826 2855 890 2915 eius
906 2853 1062 2915 conatibus
1078 2875 1142 2914 cer-

102 2966 166 3015 tum
179 2954 325 3016 iudicium
338 2959 431 3034 serre,
454 2957 520 3018 sine
539 2954 713 3018 difficultate
731 2954 897 3040 suscipitur.
941 2954 1047 3016 Voluit
1061 2956 1142 3015 enim

103 3058 238 3132 efficere,
261 3068 294 3117 ut
306 3076 380 3140 quas
401 3071 590 3135 congesserat
605 3057 798 3142 Pamphilus,
821 3053 936 3133 λέξεις,
957 3055 1022 3116 sive
1041 3048 1142 3134 γλώσ·

103 3172 171 3232 σας,
195 3179 251 3219 eae
264 3159 383 3220 facilius
402 3171 596 3220 tractarentur
610 3174 640 3222 et
652 3183 669 3222 a
680 3161 814 3245 pluribus
828 3169 1010 3244 pararentur.
1037 3155 1142 3238 ltaque

103 3281 209 3320 eorum
224 3261 343 3320 utilitati
358 3260 496 3342 inprimis
508 3263 680 3346 prospexit,
702 3262 752 3344 qui
774 3282 867 3343 quum
882 3261 1039 3340 scriptores
1057 3268 1142 3316 vete-

102 3382 150 3421 res
167 3363 314 3440 legerent,
348 3360 503 3421 inusitatas
526 3371 555 3419 et
580 3360 691 3442 priscas
717 3381 810 3421 voces
832 3360 991 3434 evolvere,
1017 3369 1047 3417 et
1065 3377 1142 3440 quae

104 3461 264 3522 doctorum
279 3461 316 3524 de
332 3482 438 3522 cortun
454 3461 579 3520 notione
601 3461 749 3521 sententia
766 3458 869 3535 suerit,
893 3479 1075 3536 cognoscere
1090 3479 1143 3517 cu-

104 3564 234 3648 piebant.
285 3561 369 3639 Quid
397 3564 479 3623 enim
500 3560 540 3622 ad
565 3582 633 3637 eos,
663 3562 690 3621 si
715 3561 832 3639 singula
853 3561 1032 3643 scriptorum
1052 3561 1142 3621 verba

105 3662 306 3739 addebantur,
329 3684 405 3745 quae
419 3686 456 3724 eo
472 3674 629 3724 momento
645 3661 808 3740 legebant?
837 3660 907 3722 Non
928 3658 1144 3720 adiuvabantur

104 3765 162 3841 illi,
184 3765 212 3826 si
224 3767 333 3844 longae
349 3763 566 3849 disputationes
589 3762 627 3824 de
649 3761 798 3825 scribendi
816 3764 932 3823 ratione
950 3761 1074 3844 aliisque
1094 3782 1143 3821 re-

104 3869 161 3928 bus
176 3863 425 3927 admiscebantur.
468 3865 592 3926 lllorum
608 3866 696 3944 igitur
714 3863 819 3928 studiis
835 3863 1009 3926 adimireuta
1030 3862 1143 3945 optima
1202 3912 1231 3969 4

104 3969 230 4053 paravit.
273 3966 428 4029 Praeterea
443 3969 511 4029 libri
526 3971 642 4029 molem
656 3968 807 4045 minuere,
830 3987 960 4050 eumque
975 3965 1070 4048 pretio
1089 3986 1145 4047 pa-

870 4067 917 4131 9*
