2534 4644
162 124 299 345 α’
543 236 703 399 μ

330 443 506 534 ἀμείβομαι
527 392 701 515 Μούσαισι
722 447 807 535 πρὸς
828 443 951 533 θύραις
972 443 1092 536 ᾄδων

328 550 384 661 ιιαί
407 547 500 620 δόντι
520 549 577 619 nul
597 546 643 638 μὴ
666 548 816 618 ύύνιι-.
1055 549 1058 554 ’

164 702 269 784 Quare
281 717 345 767 tam
355 715 495 790 corrupto
502 706 651 788 Hesychii
663 705 763 768 codici
774 728 840 769 non
855 660 1014 791 obsequar.
1059 704 1142 770 Non
1156 709 1223 772 ille-

59 896 62 901 Ι
99 866 106 887 ,
163 808 235 894 pida
249 807 388 893 quidem,
410 807 653 887 sednisiiallor,
674 808 777 871 minus
796 830 869 872 vera
892 820 938 872 est
955 806 1139 872 Casauboni
1152 832 1224 875 sen-

163 911 272 988 tentia,
294 908 477 987 „cornicem
496 909 641 973 videlicet
661 911 912 972 circumierebant
932 921 1057 992 agyrtae
1072 910 1140 997 illi,
1167 912 1224 975 ‹lo-

164 1023 245 1073 ctam
267 1012 320 1090 (ut
338 1012 478 1093 videtur)
509 1014 612 1074 conari
631 1025 734 1076 nostra
753 1015 884 1096 verba“;
907 1006 1088 1095 Schweigh'.
1111 1016 1136 1078 l.
1153 1016 1176 1079 l.
1196 1040 1223 1105 p.

164 1116 238 1181 652.
283 1114 538 1178 Lusciuiae'enim
552 1116 803 1178 commemoratio
816 1117 849 1176 in
863 1116 954 1177 simili
973 1118 1041 1177 lusu
1060 1136 1141 1180 eam
1153 1118 1225 1180 retl-

163 1219 269 1299 arguit.
317 1217 477 1281 Postremo
505 1215 604 1297 addo,
639 1216 800 1280 Musururu
826 1218 974 1301 Hesychii
993 1220 1092 1280 verba
1118 1241 1224 1284 corre-

162 1321 245 1383 xisse
262 1330 293 1382 et
306 1341 362 1406 pro
383 1311 571 1401 ἀγείροντες
591 1322 673 1382 male
694 1315 872 1403 ἐγείροντες
892 1319 1062 1404 scripsisse,
1085 1319 1225 1386 Schow.

164 1422 321 1509 Supplem.
331 1444 360 1506 p.
375 1419 457 1499 459,
473 1443 565 1505 quam
579 1422 783 1484 coniecturam
794 1423 960 1508 typotheta,
976 1443 1041 1482 non
1056 1443 1133 1486 raro
1151 1422 1226 1488 Mu.

163 1547 234 1589 suro
253 1525 385 1604 doctior,
407 1525 517 1585 merito
532 1524 674 1603 neglexit.

253 1677 383 1740 Duobus
401 1678 492 1755 igitur
511 1675 544 1737 in
564 1675 640 1738 locis
660 1694 755 1757 quum
778 1677 861 1736 nulla
880 1685 961 1737 extet
980 1671 1175 1757 difficultas,
1195 1676 1224 1741 iri

163 1779 258 1839 trihus
279 1780 401 1863 reliquis
423 1778 525 1840 minus
547 1779 624 1839 clare
638 1787 762 1861 apparet
776 1777 943 1839 sententiae
956 1786 1081 1839 nostrae
1092 1780 1223 1869 veritas,

163 1878 279 1943 Athen.
302 1879 356 1961 ΠΙ,
378 1884 429 1945 89.
450 1880 480 1942 d.
509 1876 576 1958 „At
601 1872 637 1941 ot
666 1876 781 1941 πίνναι
803 1871 905 1959 ὀρθαί
926 1872 1073 1960 φύονιαι
1095 1874 1142 1945 du
1164 1883 1224 1948 rori

163 1986 291 2068 βυθοῦ·
322 1981 434 2067 ἔχουσί
462 2001 496 2046 το
525 1975 562 2045 ἐν
593 1975 708 2056 αύιαῖς
728 1974 788 2045 cdv
809 1972 1061 2062 πιννοφύίαιια,
1097 1981 1144 2048 αἱ
1165 1978 1223 2067 μὲν

164 2087 335 2169 καρίδιον,
365 2085 401 2152 αί
430 2080 466 2150 δὲ
490 2078 681 2164 καρκίνιον·
712 2069 754 2147 ού
775 2076 968 2166 στερόμεναι
988 2082 1125 2148 θᾶττον
1152 2086 1221 2153 δια-

165 2189 370 2275 φθείρονται
404 2189 511 2252 Τοῦιο
531 2183 567 2250 δὲ
585 2178 733 2267 Hippi
754 2178 848 2261 Ἀίιξ.
867 2181 906 2249 ἐν
918 2182 1086 2265 τοῖςπερὶ
1100 2179 1220 2274 Ὀνομ.

164 2288 416 2378 συμπεφυκέναι
454 2286 557 2374 φησίν
587 2281 732 2362 αύιαῑςίί.
768 2287 940 2368 Hesychius
968 2285 1098 2366 ,,Πίνα·
1126 2286 1221 2383 Ιεἶρος

164 2391 283 2481 ίχθύος
304 2393 360 2460 καί
387 2387 567 2474 ύοιρεοῖδες
587 2383 793 2472 κογχύλιον.“
827 2389 912 2450 Licet
932 2400 1034 2450 autem
1056 2393 1097 2452 ab
1115 2392 1220 2477 Hesp.

164 2500 235 2562 clrio
251 2499 344 2575 absit,
366 2493 450 2580 quod
461 2494 496 2553 in
508 2491 662 2576 Pamphili
675 2493 752 2552 libro
775 2492 948 2576 expositum
970 2503 1046 2569 erat,
1069 2493 1219 2562 ridemus

163 2611 283 2677 tamen,
307 2619 358 2659 cur
378 2617 415 2659 ea
428 2595 609 2681 epitomator
625 2594 862 2679 praetermittere
875 2594 1016 2678 potuerit.
1060 2593 1176 2684 Neque
1188 2598 1220 2663 id

165 2713 267 2764 contra
282 2723 339 2764 nos
349 2709 479 2787 pugnat,
508 2695 593 2782 quod
614 2694 716 2761 πίννα
737 2694 850 2784 duplici
869 2716 891 2761 ν
908 2695 991 2782 apud
1003 2694 1219 2789 Athenaeum,

163 2806 295 2891 simplici
315 2803 397 2889 apud
416 2802 608 2884 Hesychium
627 2800 779 2880 scribitur,
810 2801 880 2886 quia
896 2799 1077 2863 Athenaeus
1097 2803 1168 2866 hoc
1188 2805 1221 2867 io

164 2910 234 2971 loco
256 2907 296 2970 de
317 2906 403 2971 vocis
422 2905 566 2990 scriptura
584 2926 649 2965 non
670 2902 811 2988 disputat.
856 2900 1085 2988 comparandus
1109 2914 1222 2971 tamen

163 3023 318 3097 praeterea
333 3012 409 3072 alius
425 3009 572 3090 Hesychii
589 3009 675 3068 locus
697 3001 923 3085 „Hwovtz'ovs's
944 2994 1140 3079 πινοφύλαξ
1164 3012 1221 3075 λς.

164 3108 322 3196 μύμονος·
344 3117 439 3188 πίνος
459 3107 494 3175 δὲ
508 3103 596 3182 ridor
608 3100 776 3183 dorpiov“,
798 3123 889 3186 quem
903 3102 1045 3163 illusurus
1061 3110 1220 3177 emenda.

163 3214 298 3278 tionibus
323 3217 399 3293 suis,
421 3225 454 3274 ut
478 3230 583 3293 saepe,
616 3204 755 3288 corrupit.
812 3202 934 3267 Codicis
952 3206 1035 3267 enim
1054 3205 1220 3296 scriptun,

166 3340 244 3403 quae
254 3330 289 3381 ut
306 3342 345 3381 ex
359 3320 524 3380 litterarum
544 3307 623 3371 serie
636 3305 823 3386 intelligitur,
846 3305 959 3382 eadem,
977 3319 1024 3370 est
1037 3307 1220 3395 lexicogra-

164 3422 235 3505 phi,
257 3421 427 3504 simplicem
444 3416 575 3476 litteram
594 3428 616 3473 ν
632 3419 745 3488 tuetur,
778 3423 812 3472 ut
833 3410 1010 3497 Pamphilus
1031 3410 1120 3474 idem
1144 3436 1220 3483 cum

164 3519 362 3602 Artemidoro
380 3513 521 3591 senserit,
543 3511 588 3591 ll,
607 3510 656 3576 14.
676 3535 706 3598 p.
726 3517 794 3577 103.
839 3514 961 3577 Deinde
977 3516 1011 3576 in
1032 3506 1221 3600 fine‘posuit

164 3620 286 3699 „alvea
297 3611 350 3684 d’“
371 3639 426 3703 pro
440 3615 518 3680 πίνο
534 3610 566 3681 d'
579 3616 662 3701 quod
676 3618 769 3678 habet
781 3614 888 3695 codex,
906 3612 936 3679 et
949 3616 1116 3681 Schouius
1132 3618 1220 3708 Sup-

164 3725 257 3807 plem.
271 3743 302 3804 p.
315 3719 386 3785 644.
400 3742 418 3783 e
430 3719 554 3796 πίνοςί
567 3712 576 3739 ’
593 3729 767 3803 corruptum
782 3739 849 3780 esse
864 3719 999 3782 credidit.
1041 3715 1220 3787 Affirmsre

165 3820 308 3906 equidem
330 3845 395 3886 non
415 3823 538 3903 dubito,
560 3823 693 3909 primum
712 3820 864 3904 Pamphili
885 3834 915 3882 et
929 3819 1122 3883 Artemidori
1140 3826 1221 3889 eui:

164 3935 284 4011 ptttram
306 3947 413 3989 veram
434 3950 516 4007 esse,
539 3939 569 3990 et
584 3930 666 3989 mala
686 3927 831 3989 duntaxat
854 3921 1041 3986 Graecorum
1059 3924 1221 3994 seriorum

164 4029 423 4112 pronumtiatione,
456 4050 533 4113 quae
556 4033 682 4110 longam
700 4032 841 4094 vocalem
861 4048 954 4111 saepe
974 4031 1222 4097 consonantium
1240 4052 1249 4075 ⁸
