2534 4644
615 184 646 247 'i

1110 262 1153 324 S't

51 432 54 442 ⁴
112 448 179 492 esso
203 423 322 510 „tcaput
346 416 523 509 hariolus,
551 420 596 489 cd
618 421 826 506 iunopu.“
860 421 945 505 Quid
967 428 1050 490 enim
1068 425 1152 490 aliud

110 530 181 592 inde
194 552 286 616 quam
300 529 428 614 Cyprios
442 550 552 591 vocem
570 526 704 610 ἔκπωμα
725 530 895 608 ignorasse,
918 540 949 590 et
964 532 1023 613 'pm
1039 550 1076 590 ea
1097 523 1166 604 ‚‚d··

109 628 216 715 taum
237 632 367 710 dixisse,
388 633 544 716 sequitur?
571 630 642 693 Nun
667 631 756 709 igitur
781 650 888 691 unum.
905 632 1029 716 aliquod
1049 634 1150 718 poculi

82 776 85 781 ·
109 724 206 815 'genus
227 736 391 811 habemus,
413 737 451 796 ab
472 734 593 818 rehquis
614 731 784 808 diversum,
805 731 862 794 sed
881 737 1066 796 vocabulum
1088 734 1170 816 Cy-·

108 838 253 920 priorum.
296 837 380 899 Haec
392 848 437 898 est
451 837 630 922 opinionum
641 832 793 916 Pamphili
814 843 845 893 et
854 832 991 899 Philotae
1005 836 1150 921 differen-

108 939 167 1016 tia,
190 958 281 1023 quam
300 957 393 998 nemo
414 938 593 999 nostratium
613 944 749 995 accurate
767 935 929 1014 intellexit,
952 937 1027 1000 dum
1039 938 1149 1002 Eusta-

107 1041 189 1102 thius
209 1051 311 1125 aperte
334 1038 469 1101 Philotae
491 1042 590 1113 favet,
611 1056 676 1096 non
696 1033 867 1120 Pamphilo.
909 1037 1070 1101 Adeamus
1091 1040 1149 1118 igi-

107 1154 155 1205 tur
168 1142 372 1224 Hesychlum,
395 1137 476 1225 apud
488 1159 580 1223 quem
592 1135 720 1215 vestigia
738 1158 861 1217 eorum,
882 1162 960 1224 quae
971 1141 1148 1226 Pamphilus

106 1243 197 1323 dixit,
219 1265 277 1306 nos
291 1255 462 1328 reperturos
479 1262 546 1303 esse
559 1260 679 1325 sperare
689 1259 869 1323 possumus;
892 1243 950 1303 nisi
969 1247 1048 1304 sorte
1061 1242 1147 1304 codi-

106 1347 148 1409 cis
167 1341 263 1410 nostri
285 1346 470 1431 corruptelae
490 1362 578 1427 spem
590 1339 731 1402 eludunt.
780 1340 831 1404 Ac
851 1344 915 1404 iam
935 1345 1067 1434 primum
1088 1366 1147 1408 nos

105 1447 234 1511 advertit
247 1450 324 1508 haec
337 1448 454 1526 glossa:
477 1440 577 1521 Ἀλα,
598 1437 791 1520 θάλασσαν,
813 1440 835 1528 'l
857 1439 1145 1526 olvoc„Kv¹uptot.

104 1547 258 1612 Discimus
280 1548 379 1624 enim,
412 1540 476 1612 tta
503 1568 567 1608 non
593 1547 797 1608 accusativum
821 1550 923 1610 solum
952 1570 1034 1626 esse,
1064 1547 1147 1632 quod

104 1648 205 1735 ipsum
219 1661 325 1736 postea
340 1648 449 1710 iterum
464 1649 642 1733 explicatur,
666 1646 773 1710 ubido
792 1650 920 1712 vocibus
942 1645 1060 1726 diade,
1083 1644 1149 1714 dtu

104 1751 181 1815 δῖαν
200 1768 302 1816 senno
319 1751 495 1828 instituitur,
518 1749 573 1813 sed
594 1751 687 1812 stiam
706 1755 929 1817 nominatiurm
944 1750 1073 1837 Cypriae
1086 1773 1145 1814 vo-

103 1854 154 1916 cis.
203 1854 358 1938 Disputari
377 1865 481 1915 tameu
500 1856 601 1938 polest
624 1852 664 1913 de
685 1855 805 1918 alterius
828 1857 915 1918 vocis
933 1855 1047 1940 spiritu.
1097 1851 1143 1915 Ea

103 1957 186 2018 enim
205 1967 250 2018 est
270 1946 457 2036 Hes'ychiani
475 1956 565 2018 lexici
584 1956 677 2032 ratio,
703 1956 767 2019 iam
786 1956 840 2018 diu
859 1958 967 2021 criticis
987 1969 1076 2034 nota,
1100 1967 1147 2034 ut,

102 2058 207 2141 spiritu
220 2059 373 2135 neglecto,
396 2056 471 2118 duas
484 2067 617 2140 apponat
628 2059 770 2120 notiones
784 2058 934 2136 diversas,
956 2080 1083 2145 quarupr
1098 2060 1143 2118 al-

103 2169 166 2219 tera
187 2155 228 2218 ad
248 2157 385 2243 spiritum
413 2178 568 2242 asperum,
598 2176 690 2241 quem
713 2172 839 2238 vocant,
868 2163 960 2222 altera
979 2160 1020 2222 ad
1039 2163 1145 2222 lenem

102 2259 247 2344 pertinetr
275 2261 328 2320 cl'r.
346 2257 465 2322 Albert.
487 2259 526 2320 ad
548 2260 682 2341 Hesych.
701 2260 732 2340 1,
753 2285 785 2347 p.
808 2261 844 2340 4,
864 2264 896 2325 in
917 2265 979 2324 line
992 2274 1055 2323 not.
1078 2265 1146 2323 6et

101 2361 174 2421 alibi
187 2381 289 2446 saepe.
333 2359 437 2440 Quare
447 2366 450 2372 ’
459 2364 516 2424 hac
538 2363 588 2425 xia
611 2362 753 2446 equidem
768 2364 808 2426 dc
820 2365 925 2450 spiritu
940 2362 1016 2426 nihil
1031 2361 1143 2424 usecia

100 2483 183 2524 nam.
227 2460 290 2524 Sed
305 2477 338 2526 ut
358 2465 398 2527 ad
416 2487 482 2527 rem
502 2463 680 2542 redeamus,
702 2488 806 2528 nonne
823 2465 857 2528 id
870 2467 1005 2528 maxime
1020 2485 1142 2525 memo-
1189 2464 1192 2467 ’

100 2565 194 2633 rahile
212 2581 259 2632 est
277 2581 308 2631 et
320 2590 379 2632 nos
398 2569 438 2630 ad
458 2569 522 2635 viui
540 2570 685 2653 poculum
698 2571 775 2655 rapit
788 2565 1035 2653 quodamnodo,
1058 2564 1142 2626 cuius

101 2688 217 2734 nomen
231 2672 341 2733 abhoc
355 2670 520 2733 deductum
540 2671 580 2732 sit
592 2668 675 2754 apud
690 2662 842 2756 Cyprios?
877 2670 924 2732 At
944 2689 1057 2732 rocem
1076 2662 1142 2728 uta

102 2772 228 2857 excipit,
253 2765 406 2853 „diaduiff
432 2770 551 2852 μέλαν,
579 2759 607 2855 ᾦ
634 2766 845 2854 rodoam-⁸⁴
895 2766 998 2848 Quare
1019 2769 1046 2830 si
1068 2765 1142 2850 quid
1208 2762 1216 2778 ”

101 2872 193 2936 video
206 2871 326 2934 Atheni
339 2873 471 2956 suspicio
485 2893 549 2933 nou
561 2874 664 2958 inepta
677 2884 740 2952 est,
761 2873 828 2957 qui,
849 2871 881 2950 l,
903 2895 935 2956 p.
956 2868 1035 2946 215,
1056 2868 1141 2952 prio*

100 2994 166 3036 rem
177 2995 288 3037 vocem
300 2976 360 3035 huc
376 2976 526 3060 pertinere
543 2977 679 3054 coniicit,
700 2988 735 3037 ut
752 2976 900 3055 significet
920 2969 1071 3046 „ultione
1092 2959 1139 3030 ol-

99 3079 198 3141 iuu-‘⁶
241 3074 365 3139 Deinde
386 3098 460 3157 vero
477 3098 542 3139 non
562 3077 780 3164 praetereunda
801 3070 887 3154 sunt,
908 3093 986 3159 quus
1006 3090 1140 3154 sequun-
1243 3160 1245 3164 ,

99 3191 147 3240 tur
166 3173 327 3260 ,ςἈλαβή·
348 3174 478 3261 λιγνύς·
501 3175 624 3256 οποόὀς
646 3184 803 3273 κᾳρκῐνυς
826 3173 988 3257 Κυπρίων
1010 3169 1140 3253 uuella.

102 3277 230 3364 Αλάβη·
255 3275 447 3363 ἄνθρακες“
472 3302 551 3365 quae
570 3281 652 3344 edito
690 3356 693 3361 Ι
741 3348 769 3365 ¹,
797 3303 831 3344 es
852 3283 885 3342 in
898 3296 1044 3355 magnam
1058 3271 1140 3333 diffi·
1250 3349 1256 3356 .

102 3384 244 3465 cultatem
261 3386 379 3445 molem
400 3383 601 3445 coniecerunt.
642 3304 822 3565 :Q
840 3393 914 3462 nota
936 3377 976 3439 ad
996 3377 1078 3436 hunc
1091 3376 1140 3435 lo-

103 3506 172 3547 cum
184 3484 440 3570 interpretandum
460 3485 570 3569 scriptu
592 3484 661 3544 coni
808 3506 829 3546 n
849 3482 921 3546 satis
939 3482 1072 3565 amplam
1087 3499 1144 3538 co-·

101 3588 202 3673 piam,
224 3587 296 3648 certi
309 3609 383 3650 vero
402 3588 479 3649 nihil
498 3586 676 3670 reperimus.
716 3583 832 3647 Idcirco
852 3585 886 3645 in
908 3586 968 3644 hoc
988 3581 1139 3644 vocabulo

101 3690 239 3776 inprimis
260 3688 408 3750 Schmvio
432 3690 557 3768 gratiam
576 3685 751 3750 habendam
768 3709 836 3750 esse
856 3685 1067 3764 intelligimus,
1088 3681 1141 3766 qui
1169 3712 1173 3719 ·

101 3802 200 3853 toturn
215 3788 354 3851 codicem
366 3809 485 3852 summa
507 3791 662 3872 diligentia
680 3789 808 3869 evolvit,
830 3799 862 3849 et
875 3789 987 3849 haecce
999 3783 1140 3871 repperit,

100 3898 154 3977 Ιώ.
173 3891 331 3978 Supplem.
354 3913 386 3976 p.
408 3891 460 3955 50.
482 3887 638 3976 ,,Ἀλαβή·
659 3886 790 3974 laruda,
812 3884 951 3965 σποδὸς,
970 3890 1141 3967 καρκῖνος·

100 3991 170 4061 ὑπὸ
189 3991 230 4060 di·
250 3991 414 4076 Κυπρίων
434 3992 599 4079 puella-⁸⁸
619 3997 773 4080 inquibus
794 3995 887 4056 verba
907 3986 975 4056 dud
997 3985 1031 4053 di
1052 4000 1144 4073 typo-
