2534 4644
89 272 167 357 roa

101 435 185 524 quod
195 456 259 549 r*
272 433 436 525 Sopingius
454 435 597 520 coniecit,
620 444 651 497 et
668 433 808 512 adverte,
827 434 861 495 in
880 433 929 497 his
944 429 1031 518 apud
1043 431 1160 514 Hesy-

103 540 208 603 chium
224 539 358 625 primum
376 538 537 616 Ameriae,
565 540 616 599 cfr.
638 535 755 600 Athen.
777 536 840 614 I-V,
868 558 898 621 p.
928 539 1005 613 176,
1034 532 1160 598 deinde

104 638 293 705 Artemidori
304 642 432 704 enarrari
443 639 633 704 sententiam.
707 702 711 712 ,

189 739 261 804 Non
284 754 398 805 temere
422 741 580 818 coniunxi,
614 761 692 826 quae
717 740 866 826 plerisque
885 735 1059 822 separanda
1089 758 1160 800 esse

106 842 295 906 videbuntur.
344 842 413 905 Fuit
438 844 522 905 enim
547 863 641 926 usque
668 840 708 904 ad
740 827 820 903 hanc
846 851 976 904 aetatem
1005 851 1161 902 constans

106 945 240 1035 virorum
259 944 418 1008 doctorum
433 945 554 1031 opinio,
576 943 715 1008 diversos
731 964 798 1010 esse
810 943 952 1004 homines
966 939 1161 1005 Artemido÷

107 1067 175 1106 rum
190 1043 451 1133 Aristophaneum
469 1057 500 1107 et
510 1044 694 1132 Ephesium,
716 1056 746 1108 et
762 1043 845 1129 quod
858 1041 932 1106 inde
947 1045 1161 1126 consequitur,

108 1145 298 1210 diversorum
311 1168 419 1234 opera,
444 1145 520 1228 περὶ
540 1147 691 1230 Δωρίδος
712 1158 743 1212 et
761 1140 887 1209 Ἰωνικὰ
902 1139 1161 1227 Ὑπομνήματα.

107 1246 260 1333 Equidem
281 1261 385 1312 contra
410 1271 507 1312 unum
529 1248 721 1334 eundemque
745 1248 904 1310 hominem
925 1249 964 1308 ab
983 1244 1161 1310 Athenaeo

108 1349 204 1412 modo
217 1349 400 1437 Ephesium,
421 1351 517 1414 modo
531 1351 792 1437 Aristophaneum
805 1361 948 1413 vocatmn
969 1370 1041 1415 esse
1056 1351 1164 1436 suspi-

111 1472 172 1512 cor.
215 1451 296 1513 Nam
306 1452 339 1514 id
352 1475 416 1515 non
427 1475 494 1516 raro
508 1455 598 1517 estin
612 1456 671 1516 hoc
692 1454 769 1514 libro
782 1455 912 1528 facturn,
933 1460 965 1511 ut
976 1449 1092 1514 eidem
1104 1455 1167 1514 ho'-·.

15 1585 16 1588 =
110 1552 187 1612 mini
208 1550 334 1617 diversis
354 1557 428 1618 locis
447 1555 565 1619 diversa
592 1577 646 1618 sua
668 1554 851 1633 cognomina
875 1553 1064 1616 tribuantur:
1098 1576 1165 1616 non

113 1652 199 1714 aliter
216 1674 251 1714 ac
274 1655 301 1716 si
321 1655 455 1717 eundem
472 1656 623 1742 Pamphili
641 1658 767 1734 librum,
787 1667 821 1717 ut
834 1666 923 1717 antea
937 1655 1166 1734 intelleximut,

113 1750 209 1814 modo
235 1752 334 1833 „napi
356 1758 540 1821 Γλωττῶνιι
567 1759 664 1821 modo
688 1754 789 1838 „cepi
807 1749 1028 1838 'ovoptvom
1051 1744 1166 1820 insc'ri-

113 1864 199 1939 ptum
219 1855 319 1933 affert,
339 1860 436 1920 semel
455 1858 534 1921 adeo
555 1855 613 1938 „iv
637 1852 793 1934 Ἀττικαῖς
813 1855 944 1935 λέξεσι.“
985 1855 1167 1944 Utrumque

113 1964 216 2016 autem
231 1977 308 2041 opus
320 1958 459 2022 eiusde‘m
472 1962 567 2025 fuisse
581 1961 693 2024 indolis
706 1983 745 2023 ex
758 1960 833 2045 ipsis
849 1962 888 2022 ab
901 1957 1077 2021 Athenaeo
1091 1964 1167 2025 allai

114 2055 257 2123 tis'rebus
269 2072 401 2146 apparet.
442 2061 634 2126 Addendum
652 2075 709 2142 est,
729 2061 908 2124 Erotianmn
924 2060 956 2120 in
970 2061 1070 2138 gloss.
1085 2063 1168 2149 Hip-

115 2173 241 2244 pocratt.
254 2183 284 2248 p.
301 2161 374 2226 244.
387 2187 452 2227 non
464 2166 557 2228 libros
573 2166 612 2229 de
623 2164 752 2244 Dorica,
774 2166 824 2227 vel
838 2161 942 2224 Ionica
963 2159 1107 2226 dialecto
1125 2166 1172 2227 ci-

116 2270 212 2341 tasse,
241 2261 298 2326 sed
325 2266 464 2330 universe
492 2261 757 2350 „tammonem
785 2260 925 2341 λέξεις“,
954 2282 1056 2346 eaque
1089 2267 1173 2351 ipsa,

117 2384 194 2445 quae
210 2358 338 2448 profert,
359 2367 392 2428 in
410 2380 514 2430 nostro
528 2369 683 2449 Hesychio
696 2367 836 2452 reperies.
879 2361 973 2443 Quod
992 2366 1019 2426 si
1038 2366 1090 2429 ita
1111 2381 1167 2449 est,

116 2474 150 2524 ut
166 2477 226 2542 est,
247 2465 415 2550 Ephesium
437 2472 658 2555 geographum,
680 2490 698 2529 a
718 2468 868 2530 Strabone
888 2487 979 2552 saepe
1000 2467 1169 2535 laudatum

117 2568 330 2646 grammaticae
352 2571 408 2630 arti
434 2592 560 2657 operam
577 2592 707 2634 navasse
727 2568 912 2632 sumendum
930 2579 991 2647 est,
1020 2572 1112 2654 quod
1133 2586 1169 2637 nt

117 2676 184 2729 tum
207 2681 291 2732 erant
308 2682 462 2758 tempora,
483 2682 553 2758 post
568 2672 774 2736 Eratosthenis
791 2669 889 2734 studia
905 2670 1031 2732 minime
1042 2675 1169 2736 miran-

119 2767 194 2833 dum
210 2783 265 2834 est.
308 2775 410 2856 Heyn.
428 2775 468 2837 de
487 2797 555 2856 gen.
576 2796 655 2838 saec.
666 2773 795 2838 Ptolem.
813 2773 846 2833 in
865 2772 979 2857 Opusc.
999 2771 1030 2850 I,
1054 2797 1089 2859 p.
1112 2782 1168 2842 99.

36 2945 41 2956 ι
118 2868 244 2958 Ephesii
261 2887 391 2941 aetatem
409 2900 480 2940 cum
501 2890 690 2964 compertam
709 2878 891 2953 habeamus,
918 2872 951 2934 id
971 2875 1085 2937 rationi
1105 2901 1171 2943 no-

119 2984 198 3036 strae
214 2979 313 3056 favet,
341 2979 423 3064 quod
443 2981 654 3060 grammaticus
672 2979 750 3039 inter
767 2974 1010 3058 Aristophaneos
1030 2992 1172 3045 enumo.

120 3085 215 3154 ratur,
237 3081 289 3139 csr.
303 3079 403 3142 Ukert.
418 3077 530 3158 Geogr.
544 3078 574 3140 d.
588 3076 708 3140 Griech.
721 3098 752 3136 u.
766 3075 859 3136 Rom.
880 3074 910 3151 I,
935 3074 1005 3137 156.
1028 3073 1173 3147 Vossius

35 3200 38 3204 ·
122 3173 161 3236 de
180 3177 287 3239 histor.
307 3175 359 3239 Gr.
382 3201 412 3263 p.
436 3184 511 3255 130,
536 3176 612 3254 143,
635 3177 686 3261 qui
707 3188 811 3237 tamen
828 3175 928 3259 plures
943 3172 1172 3247 Artemidorus

120 3277 240 3340 miscuit
254 3278 390 3343 diversos
404 3289 435 3339 et
452 3277 568 3340 Fabric.
584 3275 666 3339 Bibl.
687 3274 740 3340 Gr.
751 3275 814 3355 lV,
837 3299 862 3339 c.
877 3274 972 3354 XIII,
994 3277 1045 3361 qui
1059 3277 1172 3346 Asca-

120 3381 254 3460 lonitam,
274 3381 460 3458 historicum,
477 3380 584 3442 iniuria
598 3380 826 3460 grammaticum
839 3380 1009 3463 appellavit.

141 3493 157 3513 '
205 3480 271 3543 Iam
283 3505 377 3566 quum
396 3506 435 3545 ex
452 3483 616 3545 Athenaeo
632 3494 742 3543 notum
762 3482 816 3560 sit,
841 3479 1029 3542 Artemidori
1049 3483 1172 3552 librum

121 3603 189 3645 esse
207 3603 226 3644 a
244 3581 404 3670 Pamphilo
425 3595 607 3670 usurpatum,
618 3595 649 3644 et
665 3605 703 3644 ex
720 3593 803 3666 parte
817 3584 1012 3646 exhaustum:
1033 3604 1070 3644 ea
1084 3607 1172 3670 quo

122 3704 196 3767 que,
218 3706 296 3768 quae
314 3689 351 3748 ab
373 3684 437 3748 aliis
455 3705 494 3746 ex
512 3706 550 3746 eo
571 3684 743 3761 laudantur,
762 3684 794 3744 in
809 3685 964 3765 Hesychio
987 3684 1089 3748 adsint
1107 3711 1174 3761 ne,

77 3812 82 3819 ·
123 3807 207 3848 cesse
219 3800 274 3850 est.
301 3787 460 3850 Erotianus
477 3784 602 3867 igitur-l.
624 3788 644 3846 l.
667 3777 813 3862 „Aciocou
834 3780 990 3859 όθόνιον,
1012 3779 1057 3860 ὥς
1085 3788 1173 3857 Θεό·

120 3890 256 3970 ’πομπος
280 3886 315 3954 ἐν
340 3882 512 3972 Ὀδυσσείᾳ
537 3880 596 3950 bat
622 3881 854 3968 Ἀρτεμίδωρος
886 3881 904 3952 ὁ
934 3891 1176 3971 γραμματικὸς

121 3985 251 4068 ἐντοῖς
272 3986 374 4069 λέξεσί
396 4003 485 4074 φησι,
508 3991 625 4054 λινοῦν
647 3984 736 4070 ὕφος
765 3986 848 4057 δασύ
880 3983 982 4054 οἴνοιοιι
1024 3992 1172 4076 Hesych.
