2534 4644
95 286 210 352 s„2
894 236 941 335 ..a

146 453 318 517 rabiliorem
331 449 456 512 reddere
468 448 590 512 studuit.
633 447 774 515 Aderant
795 448 878 509 enim
896 447 1054 512 etiamtum
1071 456 1192 511 veteres

147 553 256 641 poetae
271 555 504 639 scriptoresque,
526 571 603 636 quos
617 568 697 613 nunc
712 548 841 612 amissos
856 569 922 612 esse
935 551 1083 628 lugemus.

234 655 297 718 Sed
326 668 445 740 tempus
470 663 532 730 est,
560 664 594 714 ut
620 652 659 715 ad
677 653 867 734 Hesychium
894 648 1067 729 redeamus,
1104 653 1191 714 citius

149 776 254 818 caussa
264 773 393 819 omnem
406 758 485 817 hanc
499 755 733 841 disputationem
746 754 952 817 insutumuu.
980 750 1192 829 Quaerehatctr

149 860 247 937 enim,
269 859 343 943 quid
356 858 412 936 sit,
436 879 528 943 quare
548 857 720 945 Hesyuhitn
739 857 816 918 nihil
835 855 873 917 de
894 855 1056 940 Pamphilo
1071 874 1192 936 cogno-

148 961 240 1036 verit,
262 971 292 1021 et
303 960 363 1023 sibi
382 961 416 1021 in
439 962 580 1023 manibus
598 940 797 1037 essdtjlbrum
813 958 1064 1037 ab'Diogeniann
1080 957 1191 1020 condi—

148 1073 214 1122 turn
235 1063 434 1129 existimarit?
469 1075 514 1142 et,
543 1060 626 1148 quod
649 1058 825 1123 addendum
846 1072 908 1138 est,
936 1077 1027 1144 quare
1045 1060 1191 1123 Photium

148 1185 268 1248 quoque
281 1165 314 1226 id
329 1164 462 1245 fugerit?
483 1164 680 1250 Asprianum
690 1160 817 1248 quidem
837 1162 988 1248 Pamphili
1000 1160 1090 1241 liber,
1104 1175 1191 1247 post·

148 1285 241 1348 quam
261 1260 339 1328 duae
360 1268 511 1352 epitomae
533 1279 622 1328 natae
643 1278 744 1344 erant,
771 1265 901 1327 describi
920 1263 1045 1325 desiisse
1060 1263 1190 1327 videtin.

147 1363 184 1426 Id
198 1380 409 1446 argmnentum
428 1390 493 1431 non
508 1368 709 1454 improbabile
726 1385 796 1432 esse
816 1384 988 1450 quanquam
1009 1363 1114 1444 negari
1133 1386 1191 1428 ne-

148 1466 226 1550 quit,
248 1479 352 1531 tamen
363 1493 427 1532 non
439 1469 552 1533 sufficit
572 1470 612 1533 ad
627 1467 912 1543 demonstrandum,
935 1465 1017 1550 quod
1035 1470 1190 1532 volumus

148 1565 243 1644 Quod
266 1572 349 1633 enim
370 1588 428 1635 nos
445 1590 488 1634 ex
508 1571 603 1635 Suida
623 1571 799 1649 didicimus,
825 1570 877 1654 qui
898 1569 1046 1653 potuisset
1061 1568 1191 1634 Photius

147 1671 301 1750 ignorare,
326 1674 374 1735 cui
387 1686 432 1736 tot
451 1686 535 1735 erant
555 1673 744 1751 adiumenta,
765 1673 855 1734 nohis
875 1669 1000 1755 erepta?
1029 1666 1135 1746 Quam
1147 1676 1191 1734 ob

147 1789 213 1833 rem
234 1776 292 1836 alia
309 1777 398 1838 nobis
415 1787 462 1838 est
479 1777 556 1838 ratio
579 1774 762 1860 quaerenda.
813 1771 922 1835 Suidas
941 1773 1053 1834 librum
1072 1771 1191 1854 Dioge-

148 1874 231 1934 niani
247 1875 437 1962 ePamphilo
456 1888 630 1962 excerptum
652 1876 727 1938 dixit
744 1896 826 1954 esse3
856 1892 913 1935 nos
932 1871 966 1934 id
980 1875 1190 1959 probavimus.

149 1968 319 2059 seuquid?
340 1979 367 2040 si
386 1979 554 2040 maximam
572 1989 690 2063 partem
711 1998 728 2038 a
747 1974 907 2060 Pamphilo
930 1976 1109 2060 sumspisset,
1132 1976 1189 2039 alia

148 2070 314 2139 addidisset
335 2079 418 2164 ipse,
447 2102 551 2142 nonne
575 2080 616 2140 ita
643 2096 779 2163 quoque,
815 2079 842 2138 si
864 2078 1006 2138 universe
1028 2079 1190 2161 loquimur,

145 2177 213 2239 eius
232 2179 343 2240 librum
359 2183 513 2265 epitomen
536 2198 662 2258 vocare,
684 2181 773 2242 nobis
794 2176 917 2243 licebit?
946 2175 997 2238 Ae
1020 2198 1125 2241 nonne
1142 2183 1190 2241 in-

130 2280 281 2342 numeris
301 2285 444 2364 probatur
465 2282 627 2366 exemplis,
655 2282 733 2342 hanc
754 2303 821 2343 esse
842 2282 1077 2365 epitomatonun
1096 2278 1191 2342 ratio-

29 2398 34 2403 ·
147 2401 220 2440 nem
239 2385 350 2460 solere,
373 2396 406 2444 ut
427 2385 485 2445 alia
504 2384 660 2460 obiiciant,
687 2384 744 2443 alia
763 2382 802 2443 de
823 2383 885 2444 suis
905 2380 1038 2457 addant?
1064 2379 1188 2459 Quodsi

147 2492 249 2542 autem
263 2483 302 2543 de
317 2485 378 2545 suis
392 2486 537 2546 nonnulla
549 2483 757 2563 Diogenianus
770 2483 899 2561 addidit,
921 2503 1022 2544 nonne
1036 2504 1092 2544 nos
1107 2505 1189 2567 quo-

146 2603 204 2664 que
223 2587 601 2674 cornmoveripossumus,
625 2597 659 2646 ut
680 2585 832 2669 Pamphili
845 2587 1058 2646 obliviscamur
1073 2585 1190 2668 aliqua-

146 2685 258 2748 tenus?
280 2683 387 2761 Qualis
403 2688 485 2748 enim
510 2699 573 2748 erat
592 2686 743 2771 Pamphili
767 2687 865 2748 liber?
894 2706 970 2745 num
989 2687 1055 2770 ipse
1071 2687 1189 2766 singula
1253 2706 1259 2719 ·

144 2799 283 2870 quaeque
306 2781 485 2872 scripserat?
515 2809 603 2850 suam
631 2788 946 2873 ubiqueflsententiam
971 2789 1189 2871 profitebatur?

147 2885 291 2949 Minime!
314 2891 405 2952 Liber
425 2884 577 2975 Pamphili
594 2902 660 2951 erat
679 2891 846 2952 lexicorum
867 2891 905 2951 ab
924 2889 990 2950 aliis
1009 2890 1189 2974 scriptormn

146 2991 301 3070 collectim
332 3013 368 3052 ea
379 2993 469 3072 igitur
485 2993 622 3078 proprie,
644 3011 708 3052 non
726 2991 879 3076 Pamphili
901 2991 995 3068 dicta,
1020 2989 1189 3070 Diogem'a-
1226 3030 1229 3037 ·

44 3126 47 3131 r
145 3106 202 3150 nus
229 3097 425 3176 excerpcbat:
452 3095 526 3177 quin
548 3097 646 3154 immo
674 3111 737 3153 nan
764 3112 833 3152 raro
855 3085 1007 3176 Pamphih'
1028 3093 1187 3176 opimam

111 3253 114 3261 ,
145 3193 304 3274 praeteriit,
326 3205 359 3253 ut
370 3193 517 3273 vidimus-3
540 3196 727 3279 aliomrmque
742 3191 820 3255 dicta
833 3197 897 3257 fere
911 3210 1069 3276 nunquam
1080 3196 1188 3274 negle-

143 3291 197 3352 xit.
241 3291 286 3353 lta
296 3296 439 3357 facillime
459 3307 490 3357 et
511 3294 624 3357 Surdae
649 3308 679 3357 et
698 3295 800 3357 Photii
813 3307 847 3356 et
862 3296 1189 3375 Hesychiisententiae

144 3395 378 3474 coniungimur,
400 3410 432 3459 et
442 3419 513 3460 sese
527 3399 660 3460 invicem
671 3402 842 3483 explanant.

229 3494 275 3556 At
293 3499 375 3559 unde
397 3502 475 3560 hanc
495 3519 597 3562 meam
625 3502 802 3586 opinionem
824 3502 945 3583 probari
963 3510 996 3560 et
1017 3501 1190 3561 confimari

146 3594 281 3674 credam,
307 3599 474 3663 dicendum
499 3614 555 3664 est.
603 3603 664 3664 Uhi
684 3601 856 3680 Hesychius
876 3599 1061 3680 Diogeniani
1078 3603 1190 3663 merita

127 3698 288 3776 celebrat,
312 3712 342 3762 et
358 3721 435 3787 quae
449 3703 711 3790 comprehenderit
732 3703 763 3761 iu
775 3701 875 3762 lexico
894 3714 1051 3764 enumerat
1064 3705 1189 3766 ornis:

142 3803 212 3860 loco
232 3813 386 3884 postremo
406 3805 446 3867 ad
464 3808 621 3892 proverbia
642 3804 762 3880 transit,
786 3824 951 3888 eorumque
965 3817 1043 3889 aptot
1057 3807 1190 3889 παρεών

143 3904 288 3982 punierit,
311 3909 459 3992 recepisse
474 3907 636 3970 contendit.
679 3904 745 3966 Nisi
761 3907 880 3984 egregie
898 3910 1001 3985 fallor,
1020 3907 1191 3970 hemmae

141 4003 304 4068 minimum
326 4009 449 4092 quidem
471 4013 632 4091 vestigium
653 4010 684 4070 in
705 4008 856 4092 Pamphili
876 4008 1191 4095 librisdeprehende-
