2534 4644
158 457 262 525 velta
281 477 300 520 e
318 455 468 533 Lucieno,
490 454 549 543 qui
567 456 625 516 sub
645 453 690 517 M.
710 451 839 517 Aurelio
860 453 984 519 celebris
1003 452 1078 532 fuit,
1102 467 1220 521 munta

132 588 148 614 ι
159 560 353 637 laudaverit,¹
363 571 506 642 tanquam
519 554 676 617 zenobius
691 553 778 637 (μή.
787 555 833 635 Π,
854 581 886 620 n.
901 563 929 622 1.
947 567 979 619 et
989 554 1076 619 Ceut.
1090 555 1159 636 ΠΙ,
1178 581 1213 621 n.

160 668 221 740 68,
244 659 451 739 Diogenianus
470 678 543 719 vcro
561 654 682 718 centur.
707 654 752 734 11,
774 679 806 719 n.
819 661 871 723 89.
893 670 924 721 ct
941 659 1027 723 cent.
1040 657 1082 720 V.
1104 682 1141 720 n.
1158 666 1218 738 28,-

113 800 130 835 r,
153 765 253 855 daulis
266 760 306 822 ad
321 757 542 821 coniiciendum
561 758 638 828 ratio
662 767 723 834 est,
745 779 817 818 eum
834 759 969 820 Luciano
983 760 1078 821 serius
1096 773 1131 821 et
1144 765 1213 823 for-

52 814 244 1067 *a
265 863 341 924 circa
360 863 437 923 haee
466 881 587 946 quoque
608 871 745 944 tempora
766 870 891 943 uterque
913 862 1054 922 collocari
1069 863 1186 946 possit.
1194 865 1214 894 “

71 1042 74 1049 ¹
120 1012 156 1047 ..r
211 975 319 1027 omast
342 961 374 1041 I,
402 985 432 1048 p.
454 965 525 1027 359.
576 957 738 1037 Quaeritur
757 972 859 1022 autem
879 960 917 1022 de
944 962 1071 1027 Luciaui
1095 975 1213 1042 aetate,

157 1089 250 1155 quam
263 1063 387 1144 Suidas,
406 1065 441 1124 in
454 1065 556 1125 haere
576 1063 634 1125 sibi
648 1076 802 1140 constans,
825 1062 864 1125 ad
878 1060 1044 1127 Traianuun
1063 1063 1214 1152 Impera-

156 1183 256 1233 torem
270 1168 395 1244 rettulit,
425 1160 505 1243 „tm
525 1165 587 1228 sori
610 1163 778 1245 Καίσαρος
804 1164 973 1240 Τραϊανοῦ
994 1163 1051 1229 καὶ
1077 1162 1215 1232 ἐπέκει-

158 1273 235 1348 να“,
258 1293 319 1355 quo
340 1269 500 1344 evincitur,
522 1267 690 1329 Lucianum
708 1265 892 1346 Diogeniani
914 1269 1071 1352 aequalem
1093 1270 1215 1332 fuisse,

156 1374 281 1438 Initium
294 1371 374 1436 vitae
389 1369 514 1432 Luciani
530 1369 563 1433 in
579 1366 716 1445 Traiani,
737 1366 920 1447 Diogeniani
934 1368 967 1431 in
980 1367 1128 1430 Hadriani
1141 1372 1217 1433 im·
1236 1426 1246 1433 .

156 1478 276 1564 perium
289 1470 448 1549 cecidisse,
469 1471 626 1555 probabile
639 1482 694 1532 est.
738 1465 841 1544 Quare
855 1471 903 1531 his
917 1490 1035 1554 quoque
1048 1491 1116 1530 non
1128 1491 1218 1531 mo-

58 1612 61 1619 ·
157 1600 282 1655 vemur,
310 1594 482 1659 quanquam
502 1593 572 1632 curn
596 1572 665 1656 ipso
687 1570 946 1656 suida-persuasi,
973 1581 1104 1632 aetatem
1136 1572 1217 1637 eius

157 1680 209 1743 diu
222 1690 292 1765 post
304 1675 468 1736 Traianum
479 1670 703 1734 extendendam
715 1694 798 1761 esse,
822 1676 873 1734 cfr.
888 1672 1019 1735 Vossius
1035 1672 1073 1735 de
1090 1675 1214 1738 histor.

136 1780 140 1789 '
160 1778 212 1843 Gr.
223 1777 268 1854 ll,
290 1774 373 1853 XV,
394 1795 425 1858 p.
447 1777 520 1837 232.
536 1771 575 1834 de
588 1775 699 1836 rhetor.
714 1784 819 1834 natura
832 1794 867 1834 ac
880 1775 1030 1835 constitut.
1044 1796 1113 1860 cap.
1127 1775 1213 1856 XII,

35 1910 44 1931 κ
156 1885 271 1968 esso,
292 1881 323 1941 u

241 1979 383 2063 Denique
402 1976 441 2039 ad
462 1976 570 2062 scripta
589 1974 772 2054 Diogeniani
791 1974 913 2038 accedo.
957 1973 1064 2054 Quum
1084 1948 1215 2059 omnia,¹

144 2070 358 2177 {fflfiuidas
369 2082 480 2157 habet,
503 2090 625 2164 propter
638 2097 783 2156 magnam
801 2080 1015 2163 corruptelam,
1037 2100 1119 2162 quae
1135 2083 1214 2147 eius

154 2176 250 2259 vulta
267 2183 440 2268 occupavit,
463 2182 522 2242 sint
534 2200 626 2264 quam
644 2179 778 2240 maxime
791 2178 899 2257 dubia,
920 2181 997 2241 nihil
1017 2181 1110 2244 nobis
1129 2186 1214 2247 reli.

22 2348 26 2357 ,
157 2274 253 2375 quidm
268 2296 315 2349 est
326 2305 418 2369 quam
435 2283 570 2360 lexicon,
592 2281 676 2343 cuius
698 2302 801 2343 caussa
815 2283 891 2342 haec
910 2283 1012 2344 omnis
1034 2282 1218 2373 disputatio¹

157 2400 297 2477 ποιμα
313 2397 367 2447 est.
408 2383 566 2446 Praeterea
585 2383 841 2446 Montefalconius
861 2383 894 2442 in
912 2382 1014 2445 ,diario
1036 2383 1147 2449 Italico
1175 2413 1213 2476 p.

158 2488 229 2555 214.
248 2509 288 2548 ex
304 2486 423 2548 scholio
443 2481 561 2551 Graeco
580 2483 621 2544 ad
638 2483 781 2546 Nazianz.
803 2484 879 2544 haec
904 2486 1028 2547 exhibet
1049 2482 1116 2564 „in
1138 2494 1215 2561 teri,

154 2587 376 2670 Διογενιανοῦ
398 2587 455 2668 τῆς
475 2580 630 2668 henosis
649 2586 718 2649 τῶν
736 2578 948 2666 Ου’σηστίνου
966 2578 1213 2669 ‘stamnum‘

156 2689 292 2771 (Fabae.
304 2688 378 2753 bibl.
391 2684 446 2751 Gr.
461 2686 524 2767 IV,
544 2686 611 2767 IX,
633 2685 664 2750 4.
688 2681 891 2753 Οὖσεστίνου
911 2692 1010 2771 falso)
1032 2712 1113 2775 quae
1129 2715 1215 2761 me.

154 2803 274 2856 moratu
295 2790 471 2872 dignissima
490 2802 569 2855 sunt.
617 2789 756 2855 Tiberius
776 2793 1023 2856 Hemsterhusius
1045 2816 1103 2878 pro
1125 2819 1214 2880 por..

153 2906 275 2958 tentoso
296 2896 438 2972 nomine,
467 2906 501 2955 ut
518 2906 623 2972 vocat,
651 2894 896 2958 substituendum
915 2917 982 2959 esse
994 2888 1214 2982 flouotlvov,

153 2995 390 3060 Valckenarium
404 3007 578 3072 monuerat,
595 2999 649 3058 cfr.
664 2996 771 3059 Valck.
788 2995 828 3056 ad
842 2995 959 3056 Phoeu.
972 3018 1003 3077 p.
1018 2996 1096 3069 593,
1119 3019 1216 3079 qua.

153 3117 187 3158 re
206 3097 369 3160 verisimile
391 3108 453 3174 est,
475 3117 553 3158 eum
575 3095 615 3156 de
637 3095 743 3156 lustini
761 3095 886 3155 historia
898 3091 1013 3159 Graeca
1036 3092 1210 3184 cogitamffi,

154 3198 208 3284 qui
222 3195 360 3276 Trogum
371 3199 534 3281 exoerpsit,
555 3207 585 3257 et
600 3217 639 3258 e:
652 3195 801 3258 serenta
819 3191 856 3258 G.
870 3194 895 3259 Ι.
909 3195 1014 3259 Vossii
1034 3194 1072 3257 de
1084 3197 1210 3271 histor.

155 3299 222 3363 Lat.
235 3296 264 3377 I,
293 3303 344 3363 82.
365 3319 396 3382 p.
413 3301 485 3375 168.
505 3295 657 3359 Antonini
679 3308 776 3360 aetate
794 3298 879 3361 vixit.
922 3298 1009 3360 Hanc
1034 3300 1208 3383 coniectus

154 3422 220 3463 ram
233 3421 339 3463 veram
353 3419 435 3474 esse,
455 3397 657 3462 Valckenario
675 3402 774 3464 simile
788 3401 896 3466 vitium
915 3403 1063 3486 persuasit
1075 3403 1107 3464 in
1119 3403 1205 3472 Stoi.

154 3500 212 3564 dee
224 3501 339 3577 lexico,
360 3501 413 3562 ubi
434 3521 490 3584 pro
510 3495 712 3586 Οὐηστῖνος,
743 3505 900 3582 Vestinus,
920 3498 1099 3578 Ἰουστῑνος
1117 3511 1206 3573 seri.

153 3614 312 3691 ptumest,
331 3605 388 3665 cfr.
402 3603 509 3667 Valck.
522 3604 686 3669 Theocsitt.
701 3627 732 3691 p.
744 3604 817 3670 294.
836 3605 874 3672 (l.
916 3605 1067 3691 Equidem
1079 3620 1203 3677 certium

36 3770 40 3781 ,
152 3705 334 3769 sententiam
347 3728 412 3771 non
428 3708 545 3785 habeo,
566 3730 666 3793 neque
680 3730 810 3794 possum
824 3710 953 3787 habere,
975 3731 1069 3794 quum
1087 3709 1205 3795 ipsum
1230 3784 1233 3789 Ι

25 3822 119 4051 d

153 3807 428 3872 Montefalconiuun
443 3809 622 3897 inspiciendi
635 3810 776 3889 nullasit
788 3813 914 3875 facultas
933 3811 1011 3874 dats.
1036 3811 1204 3879 Miror-us.

150 3930 233 3988 men,
246 3928 298 3974 cur
305 3910 522 3975 Valckenarius
535 3923 565 3975 et
574 3910 831 3992 Hemsterhuuius,
844 3929 936 3980 nono
945 3911 1020 3978 illud
1033 3913 1204 3994 eiicerefet.

149 4005 335 4097 Ov’qotivou
341 4014 778 4101 restituetevoluennt3neque
783 4016 857 4101 quid
863 4021 958 4083 verbe
966 4016 1026 4081 sibi
1034 4016 1203 4086 retinet».
