2534 4644
120 257 163 320 44

119 423 313 504 lllaussacus,
330 424 518 510 transpositis
531 425 660 490 vocibus
674 419 824 508 ὐειλογία
839 435 869 487 et
884 417 1033 501 ὐειεστύ,
1055 436 1172 487 muta-

117 527 178 606 vit,
199 528 372 613 proximam
389 526 507 589 veritati
525 538 631 612 putare
649 549 830 614 possumus,
856 527 930 607 regii
952 526 1065 589 codicis
1088 530 1171 591 scri-

118 639 237 714 pturam
257 625 402 707 αὐείστω,
425 626 594 690 dummodo
613 629 773 693 scribimus
795 623 922 693 ἆείστω.
965 627 1029 690 Sed
1045 627 1170 695 Suidas

116 733 295 808 refragatur,
317 738 348 789 et
367 728 554 810 Hesychius,
576 752 676 817 neque
693 731 726 792 in
746 731 987 816 Harpocratione
1004 741 1072 792 tam
1092 731 1171 795 dili-

116 841 220 911 genter
236 830 401 892 litterarum
417 832 510 893 series
531 845 681 912 servatur,
703 844 738 894 ut
752 833 825 893 certi
844 832 918 918 quid
929 831 1002 895 inde
1015 834 1171 912 colligere

30 925 34 931 ’
115 952 217 1017 queas.
261 928 365 1010 Quare
377 926 497 996 stiaoroi
511 944 541 994 et
555 927 689 999 ὐειεστώ
707 957 763 1021 pro
775 935 855 998 reris
874 934 982 997 fomsis
994 936 1171 1002 habendae

115 1044 200 1114 sunt,
222 1055 350 1119 quarum
362 1035 446 1120 prior
464 1036 502 1095 ab
514 1033 692 1100 Democrito
711 1037 835 1098 inventa
855 1034 962 1097 dicitur
982 1048 1013 1098 et
1032 1039 1075 1099 ab
1092 1036 1172 1102 Ae-

115 1140 222 1220 schylo
235 1149 378 1222 usurpata
393 1149 453 1216 est,
475 1140 626 1221 posterior
644 1152 747 1203 autem
766 1138 849 1226 apud
862 1161 959 1200 unum
976 1137 1172 1223 Antiphon-

114 1252 178 1302 tem
192 1241 351 1325 reperitur.
394 1237 457 1303 Sed
473 1238 657 1320 Diogeniani
672 1243 804 1322 mentio,
825 1253 859 1302 ut
871 1239 1012 1303 codicum
1028 1263 1172 1329 compa-

114 1343 190 1404 ratio
203 1342 308 1422 docet,
330 1363 347 1404 a
360 1341 528 1428 posteriore
540 1365 635 1406 manu
651 1347 831 1430 interpolata
843 1353 903 1422 est,
925 1353 956 1405 et
970 1345 1105 1407 fortasse
1117 1346 1172 1410 'ad

113 1446 220 1508 ultima
233 1456 351 1507 tantum
369 1447 461 1507 verba
479 1445 623 1529 pertinet,
645 1445 686 1507 ad
698 1467 809 1510 vocem
826 1438 958 1509 εὐεστύ.
1001 1445 1038 1508 In
1053 1447 1173 1531 Hesy-

115 1550 223 1612 chios.
239 1569 270 1610 v.
292 1540 454 1610 ἀειεστόν·
476 1538 538 1626 τὴν
559 1541 697 1609 αἰώνιον
719 1540 855 1623 οὐσίαν,
878 1539 1094 1630 ἢύϊύιότητα
1139 1574 1170 1615 s.

112 1671 143 1713 v.
161 1642 282 1713 edaoroi
300 1642 462 1725 „stittuvlu
480 1640 545 1709 circu*
570 1650 632 1712 τοῦ
654 1635 700 1711 εὐ
722 1641 841 1712 εἶναι.
880 1643 933 1712 καὶ
956 1641 1171 1731 εὐδαιμονία

112 1745 178 1814 risui
197 1749 259 1812 τοῦ
281 1737 328 1811 εὖ
350 1743 525 1812 ἑστάναι
548 1745 607 1813 edu
620 1744 729 1814 οἶκον·
752 1743 853 1833 vidui
874 1753 936 1813 τοῦ
948 1749 1105 1825 ὁαψιλεῖν
1122 1751 1172 1820 τὰ

111 1851 195 1935 πρὸς
213 1848 250 1916 τὸ
273 1846 398 1915 ἐσθίειν
417 1843 596 1933 εὐετηρία.“
638 1852 859 1938 Sequiturvox
880 1847 1081 1935 „liriatqpiu
1107 1852 1169 1920 εὐ·

110 1951 227 2018 dorio·
249 1949 349 2027 καλός
365 1947 529 2027 ἐνιαυτός·
549 1947 688 2034 ducitis
702 1953 904 2019 διακεῖσθαι’
926 1955 1168 2036 ααλοααιρία.“

111 2057 161 2119 De
175 2057 284 2142 quibus
296 2057 473 2141 priusquam
485 2056 653 2138 loquamur,
675 2056 816 2120 addenda
828 2069 874 2120 est
886 2056 1063 2119 Rulmkenii
1075 2061 1167 2126 haec

110 2161 239 2223 narratio
262 2157 381 2239 „Unus,
402 2179 443 2219 ne
464 2157 537 2241 quid
555 2157 759 2240 dissimulem,
782 2184 822 2222 ex
845 2160 1038 2240 Diogeniano
1066 2161 1168 2228 locus

110 2265 245 2341 affertur,
267 2283 359 2346 quem
379 2264 487 2323 frustm
509 2281 635 2346 quaeras
656 2262 688 2324 in
707 2263 873 2344 Hesychio.
904 2259 1032 2324 Glossae
1050 2263 1165 2327 Hero-

110 2367 192 2430 doti:
215 2360 364 2429 Edsoroi·
386 2357 541 2445 εὐημερία
564 2357 729 2446 εὐετηρία·
762 2358 954 2447 tinomaus]
976 2366 1043 2426 τῶν
1069 2359 1165 2432 lroiu

109 2460 264 2549 διαγωγή.
296 2461 515 2547 Διογενιανὸς
531 2458 613 2527 ἄνευ
626 2465 687 2527 τοῦ
701 2477 722 2527 o
738 2458 860 2546 γράφει
912 2465 1014 2526 Habet
1026 2463 1162 2547 quidem

108 2591 219 2633 vocem
229 2569 420 2649 Hesychius,
441 2565 496 2630 sed
511 2586 582 2626 cum
602 2578 623 2628 σ
642 2567 815 2651 scriptam.“
857 2563 952 2627 Aere
966 2586 1039 2627 vera
1053 2579 1163 2632 exstat

109 2693 145 2733 ea
164 2672 264 2750 glossa
282 2668 600 2755 ap.'·Schweighaeus.
620 2669 640 2728 l.
660 2670 680 2729 l.
701 2689 732 2753 p.
747 2665 818 2733 343.
841 2689 881 2730 ex
900 2665 1017 2730 Herod.
1029 2665 1059 2744 I,
1087 2671 1159 2751 85,

106 2772 162 2836 sed
180 2772 223 2835 ibi
242 2794 363 2858 quoque
381 2760 456 2867 ὐεῃι
468 2767 536 2830 cod.
555 2790 613 2832 ms.
633 2772 767 2856 optimae
781 2782 888 2850 notae,
922 2770 953 2833 S.
975 2767 1077 2833 Germ.
1097 2774 1159 2854 qui

107 2879 240 2956 glossam
259 2875 443 2951 nonhabet,
463 2871 620 2935 utiterum
639 2875 788 2959 suspicer,
809 2873 994 2953 Diogeniani
1015 2872 1157 2932 mentio.

105 3000 179 3039 nem
197 2977 302 3039 seriori
322 2962 518 3054 grmnmatiio
543 2970 661 3053 deberi,
693 2997 753 3060 qua
775 2974 815 3035 dc
831 2995 865 3034 re
883 2975 956 3033 alibi
980 2970 1156 3032 accuratius

106 3078 260 3141 disseram.
314 3072 445 3136 Accedit
475 3072 560 3158 quod
591 3071 681 3154 Greg.
715 3074 901 3151 Corinthius,
933 3070 986 3154 qui
1009 3065 1155 3133 codicem

105 3177 344 3244 Germanensem
366 3185 485 3239 secutus
501 3185 561 3251 est,
583 3175 659 3236 nihil
674 3173 714 3236 de
736 3167 856 3238 εὐεστιύ
870 3172 1003 3259 protulit.
1025 3169 1157 3248 Legitur

104 3295 207 3345 autem
225 3283 336 3344 iterum
355 3275 438 3363 apud
456 3274 692 3339 Bachmannum
716 3275 858 3342 Anecdd.
879 3275 918 3338 11.
941 3297 971 3360 p.
995 3278 1072 3350 361,
1095 3277 1153 3340 20.

28 3366 34 3375 ’
103 3379 302 3463 ,,Εὐεστρία·
325 3374 487 3462 εὐετηρία,
511 3371 701 3466 ἡκαλλίστη
715 3383 781 3444 τῶν
794 3376 876 3443 ἐτῶν
891 3368 1045 3457 διαγωγή.
1069 3376 1155 3440 Διο-

103 3477 254 3568 γενιανὸς
269 3477 350 3546 ἄνευ
368 3483 429 3546 τοῦ
444 3495 466 3551 ,σ
489 3477 611 3565 γράφει
624 3483 643 3515 “
684 3482 721 3544 In
734 3482 886 3544 Herodoti
898 3479 1069 3555 codicibus,
1093 3481 1153 3542 cfr.

102 3585 279 3663 Schweigh.
293 3586 469 3648 VanLectt.
481 3586 514 3645 in
520 3581 635 3646 Herod.
651 3583 742 3646 Tom.
754 3584 778 3647 I.
791 3606 822 3670 p.
839 3590 905 3669 ap.
919 3588 985 3660 70„
1008 3572 1153 3660 εὐεστοῖ,

103 3680 245 3768 εὐθηνία
269 3700 299 3750 et
317 3689 384 3751 sine
406 3700 426 3751 σ
446 3681 556 3750 aristei
575 3687 730 3770 reperitur.
779 3688 836 3749 His
855 3683 998 3765 coguitis,
1031 3692 1154 3747 certum

101 3790 249 3853 iudicium
270 3794 347 3852 ferre
362 3810 536 3874 possumus.
579 3787 736 3869 Hesychio
757 3788 840 3849 enim
865 3795 969 3871 aperte
996 3783 1155 3849 omissum

102 3903 148 3955 est
167 3891 288 3976 aliquid.
332 3889 404 3951 Duo
424 3892 574 3953 vocabula
591 3889 670 3950 inter
688 3911 721 3951 se
739 3887 857 3951 diversa
874 3886 1003 3949 discerni
1023 3884 1155 3968 debent,

102 4015 231 4078 quorum
252 3995 381 4055 alterum
403 3984 525 4056 εὐεστώ
544 3989 709 4076 respondet
732 3991 803 4056 roci
824 3984 978 4068 α’τιεστύ,
998 3988 1155 4068 significat
