2534 4644
101 403 204 467 thetae
225 402 339 467 incuria
359 404 473 468 omissa
490 412 579 486 sunt3
599 426 680 469 nnnc
700 413 803 468 autem
827 401 929 469 addita
946 403 1064 468 mulus
1079 423 1162 467 con-

101 504 229 569 iecturas
247 510 365 570 tollunt.
408 505 573 592 Comperta
591 508 681 587 igitur
694 505 807 568 codicis
823 506 965 592 scriptura
983 505 1064 592 quid
1077 505 1164 572 illud

103 606 158 686 sit,
187 608 271 694 quod
291 612 392 688 affert,
426 619 562 671 accurate
587 610 829 694 contemplemur
848 629 973 671 necesse
990 620 1053 672 est.-
1108 608 1164 672 Ac

103 711 221 796 primae
240 711 365 796 quidem
384 733 477 774 voces
502 708 578 796 quid
606 711 666 773 sibi
686 711 797 789 velint,
826 705 941 792 λιγνύς
962 721 993 772 et
1013 704 1167 797 σποδὸςέ

104 813 247 875 omnibus
258 825 368 876 notum
382 825 436 891 est,
454 815 538 875 stab
553 813 622 898 ipso
637 813 794 893 Hesychio
809 814 981 898 explicatur.
1027 811 1163 877 Deinde

106 913 203 977 codex
218 917 311 979 habet
331 920 550 994 ,,καρκῖνος“.
578 914 719 978 Musums
738 927 896 977 accentum
909 916 1057 994 mutavit,
1082 918 1162 979 scri-

104 1016 222 1101 psitque
244 1017 413 1100 καρκίνος;
435 1018 582 1098 Pergerus
597 1017 724 1077 coniecit
737 1021 933 1096 κορακῖνος,
955 1015 1162 1083 Schsevelius

106 1110 329 1196 ἄνθρακίνοςς
351 1120 498 1185 Albertus
518 1118 557 1181 de
579 1117 706 1182 Carcino
726 1117 817 1204 poeta
839 1120 995 1199 cogitavit3
1017 1140 1085 1187 nu·
1105 1143 1163 1185 au·

105 1229 169 1281 tem
182 1224 220 1297 ab
235 1225 322 1285 omni
338 1224 522 1301 coniectura,
543 1242 622 1307 quae
642 1223 676 1283 in
696 1213 744 1282 his
765 1221 855 1282 rebus
871 1232 934 1282 tam
945 1221 1044 1284 facilis
1062 1244 1161 1308 quam

104 1322 217 1387 inutilis
239 1338 286 1389 est
307 1338 337 1389 et
357 1328 487 1404 lubrica,
515 1325 723 1388 lubentissime
743 1323 938 1386 abstinemus.
979 1321 1038 1387 Est
1061 1327 1161 1406 enim,

105 1425 219 1510 siquid
238 1428 348 1509 n'deo,
369 1431 527 1507 καρκίνος
547 1429 780 1490 insumentum
794 1425 933 1508 aliquod,
954 1422 994 1487 de
1010 1447 1080 1509 quo
1095 1429 1161 1492 He-

106 1530 228 1609 sychius
254 1533 316 1611 agit
336 1535 398 1596 vol.
424 1530 453 1609 Ι,
481 1552 511 1615 p.
536 1535 626 1594 1701.
649 1551 673 1592 s.
701 1549 732 1591 v.
756 1525 976 1609 Θερμαοτρίς,
997 1550 1105 1612 quam
1122 1534 1162 1595 ita

107 1633 237 1715 explicat
263 1635 410 1710 ,σκεῦος
437 1626 669 1713 παραπλήσιον
696 1625 860 1723 καρκίνῳ,
890 1618 919 1712 ᾦ
945 1631 1102 1711 χρῶνται
1131 1634 1163 1700 οἱ

106 1726 310 1813 χρυσοχόοιιι
334 1733 418 1819 quod
431 1745 465 1795 ut
476 1730 724 1795 Hemsterhusius
736 1729 827 1808 vidit,
848 1729 889 1792 ad
910 1730 1097 1816 Pollch,
1112 1743 1162 1804 66.

108 1831 192 1908 (vol.
218 1834 263 1914 H,
291 1858 323 1922 p.
356 1839 470 1918 1227.)
500 1833 540 1896 ad
559 1855 666 1895 aurum
691 1832 947 1918 liquefaciendum
976 1851 1163 1924 usurpatum

107 1946 162 1999 est.
206 1935 256 1998 Dc
271 1937 380 2001 eadem
399 1939 526 2000 notione
546 1938 637 1999 huius
655 1935 797 1998 vocabuli
814 1936 987 2018 Hesychius
1010 1942 1075 2002 sub
1097 1944 1163 2029 ipsa

107 2044 358 2120 Voce-moninus
375 2043 494 2104 locutus
509 2048 588 2117 erat,
610 2039 672 2100 vol.
687 2035 732 2115 Π,
760 2060 790 2122 p.
816 2038 892 2116 151,
914 2038 967 2100 ubi
988 2062 1086 2105 nunc·
1097 2061 1164 2109 cor-

107 2151 194 2224 rupte
213 2143 321 2222 legitur
349 2141 432 2218 ,mel
453 2145 493 2229 τῇ
514 2139 722 2223 πάρνγρος.“
771 2139 866 2201 Recte
895 2142 978 2202 enim
1007 2141 1163 2212 Albertm

108 2240 193 2318 „uod
215 2239 237 2325 ἡ
259 2240 444 2328 πυράγρ,α“
466 2242 660 2307 scribendum
682 2262 749 2304 esse
769 2240 928 2320 iudicavit,
959 2265 1041 2328 quae
1067 2250 1164 2315 inter.

109 2348 235 2431 prelatio
253 2348 334 2434 apud
353 2348 497 2411 Photium
515 2369 546 2432 p.
569 2343 644 2420 114,
669 2348 725 2407 10:
741 2341 789 2405 ed.
806 2343 893 2429 ‘Lips
913 2357 1018 2410 exstat.
1072 2352 1165 2418 Cels.

108 2468 177 2508 rum
197 2450 419 2533 apertissimum
439 2449 517 2509 mihi
535 2446 655 2510 videtur
674 2467 757 2523 esse,
786 2467 846 2529 quo
867 2447 963 2508 modo
976 2449 1059 2512 haec
1076 2457 1163 2520 vocis

108 2548 193 2608 notio
210 2570 277 2609 cum
294 2548 544 2634 praecedentibus
566 2550 734 2610 cohaereat.
785 2546 927 2634 Denique
947 2556 1164 2634 quaerendum

108 2658 155 2710 est
174 2647 214 2711 de
238 2653 433 2736 sequentibus
461 2645 548 2730 ,ῥοιὰ
572 2646 608 2714 di
630 2647 791 2730 Κυπρίων
811 2650 966 2736 μαρίλη.“
1008 2651 1164 2723 Alberhn

109 2747 149 2811 de
163 2755 310 2815 vocabuli
332 2756 458 2816 notione
478 2776 542 2815 non
559 2754 723 2832 dubitavit,
746 2757 984 2842 provocavitque
997 2755 1039 2817 ad
1056 2761 1165 2845 Hesy.

110 2853 215 2915 chium
237 2853 267 2917 et
288 2855 328 2918 ad
348 2857 446 2942 prima
462 2855 669 2938 Scaligerana,
690 2879 721 2941 p.
744 2859 802 2935 98,
824 2860 878 2920 ubi
896 2859 1060 2922 discrimen
1082 2864 1166 2927 inter

109 2951 224 3036 λιγνὺς
245 2969 275 3019 et
295 2959 415 3040 μαρίλη
437 2958 602 3021 docereun.
654 2957 716 3020 Sed
742 2959 802 3022 nisi
830 2965 933 3037 fallor,
961 2959 1037 3018 nihil
1059 2976 1111 3022 est
1136 2968 1165 3029 in

109 3058 188 3117 hanc
210 3079 276 3120 rem
296 3062 407 3145 aplius,
430 3056 523 3144 q'uam
543 3060 625 3145 quod
647 3057 781 3124 Galenus
801 3063 842 3123 ait
863 3063 893 3122 in
910 3055 1046 3141 Exposit·
1068 3082 1164 3131 voce.

109 3158 295 3243 Hippocratt.
317 3183 342 3223 s.
363 3183 393 3224 v.
422 3159 567 3238 „Milan
595 3156 632 3225 cd
655 3156 844 3241 Κύκριον.“
887 3203 906 3236 ,,
914 3155 974 3240 τὴν
994 3159 1165 3244 Κνπρίαο

110 3256 255 3337 σκοδὸν,
284 3249 308 3347 ᾗ
334 3259 417 3343 πρὸς
443 3258 506 3329 sod
534 3258 744 3347 ..ὀφθαλμούς
764 3257 941 3346 maihew
975 3264 1086 3347 quibus
1110 3273 1164 3337 ille

109 3364 283 3449 Hippocrat.
302 3368 432 3454 interpre
559 3348 568 3365 '¹
594 3363 698 3448 ὶγυν.
722 3365 753 3442 Ι,
774 3387 804 3448 p.
827 3361 899 3428 243.
922 3363 973 3429 lo.
1018 3363 1117 3444 Quae
1137 3375 1164 3438 si

109 3486 181 3527 vera
202 3478 287 3545 sunt,
316 3473 401 3530 locus
420 3471 597 3554 qui‚'nnhea
610 3481 673 3530 tam
694 3465 823 3528 difficilis
845 3465 1107 3551 essevidebatur,
1130 3487 1165 3538 ut

109 3567 203 3629 Henr.
220 3567 408 3655 Stephanus,
430 3592 463 3632 se
475 3570 608 3648 nescire,
629 3567 702 3654 quid
715 3567 773 3627 sihi
786 3568 878 3629 vellet
891 3570 1066 3651 Hesychius
1081 3595 1165 3639 con-

109 3669 256 3749 fiteretur,
284 3670 489 3758 Alhertusque
512 3684 583 3758 post
604 3671 700 3732 multa
720 3670 813 3730 verba
833 3692 867 3732 se
882 3670 1006 3736 Davum
1021 3694 1094 3738 esse
1115 3677 1164 3741 di-

112 3780 206 3844 cenet,
227 3754 291 3832 nun
307 3773 479 3859 Oedipum,
501 3775 596 3837 solius
617 3765 729 3831 codicis
747 3770 911 3835 Venetiani
927 3797 986 3861 ope
1000 3777 1096 3840 facile
1111 3802 1164 3845 sa-

109 3881 196 3932 natus
212 3882 242 3932 et
259 3884 377 3957 aperius
398 3887 452 3936 est.
496 3875 593 3938 Nobis
613 3883 716 3934 autem
735 3872 807 3936 inde
827 3876 903 3938 nihil
924 3876 1166 3947 adiumentisad

108 3983 243 4034 nostram
264 3975 466 4036 coniecnuum
487 3978 636 4061 provenit.
689 3975 791 4056 Quare
816 3979 848 4039 in
870 3978 1078 4065 superioribus
1102 3987 1165 4055 illis
