2534 4644
99 396 390 639 manwen,
421 453 504 537 quod
522 455 597 518 haec
619 454 658 517 de
670 454 865 536 Hesychiano
882 456 979 517 lexico
1003 455 1137 543 disputa-

97 557 140 616 tio
157 555 186 616 ei
207 548 210 553 ’
263 574 323 640 que
344 555 529 641 quaestioni,
549 576 627 640 quae
646 567 693 618 est
705 555 744 617 de
757 555 911 618 Athenaei
927 558 1075 639 fontibus,
1098 574 1136 640 et,

97 656 180 740 quod
193 676 350 721 surmnum
362 667 421 734 est,
444 656 483 718 dc
503 659 633 734 ratione,
655 679 713 742 qua
735 679 807 720 usus
819 670 865 719 est
881 659 955 736 illis,
977 660 1136 726 adiumen-

92 770 128 820 ta
140 750 264 820 allatura
277 769 330 820 est

184 858 422 922 Observavimus
443 861 539 936 enim,
566 881 631 920 non
649 879 716 923 raro
734 862 774 922 ab
787 857 951 922 Athenaeo
972 863 1047 928 alios
1060 869 1137 929 lexi-

100 962 268 1044 cographos
289 981 328 1024 ex
337 959 487 1046 Pamphili
507 960 683 1023 auctoritate
701 960 791 1022 citari.
833 959 994 1046 Propterea
1006 967 1069 1030 iam
1084 969 1135 1032 diu

99 1072 169 1122 ante
180 1083 237 1124 nos
250 1061 481 1141 Valckenarius,
502 1061 560 1126 Vir
578 1082 732 1139 summus,
754 1064 846 1125 libros
864 1065 1013 1147 quosdam
1034 1075 1138 1156 appel—

98 1163 187 1240 lavit,
207 1184 283 1248 quos
295 1186 359 1225 non
373 1165 441 1226 ab
432 1185 500 1248 ipso
514 1162 699 1226 Athenaeo
689 1175 858 1250 respectos,
879 1164 934 1227 sed
956 1168 1138 1257 ePamphill

98 1282 210 1343 magno
232 1266 309 1339 libro
331 1267 469 1345 cognitos
496 1285 563 1326 esse
586 1265 715 1343 censuit,
745 1269 796 1328 cfr.
819 1264 983 1328 Theocritt.
1011 1292 1042 1354 p
1064 1279 1137 1338 298.

98 1361 137 1426 Β.
153 1363 187 1429 C.
230 1365 385 1445 „Nullus,“
406 1367 462 1444 ait,
483 1367 781 1445 „grammaticorum,
802 1389 932 1451 quorum
944 1367 984 1429 ad
996 1391 1054 1432 nos
1065 1392 1138 1434 scrr

99 1477 152 1549 pta
172 1478 385 1549 pervehenmt,
412 1467 491 1528 mihi
509 1467 633 1552 quidem
655 1469 764 1547 legisse
779 1466 899 1531 ridetur
910 1471 1088 1548 glossarium
1101 1474 1139 1534 il-

101 1564 154 1627 lud
174 1567 358 1630 Laconicum
378 1568 602 1653 Aristophanis.
626 1606 665 1615 —
687 1567 867 1631 Athenaeus
886 1569 1001 1649 laudat,
1024 1571 1079 1633 sed
1100 1595 1139 1636 ex

100 1667 260 1752 Pamphilo
274 1670 446 1748 cognovit.“
487 1667 575 1733 Idem
587 1669 626 1731 de
642 1651 911 1757 aliisscriptoribus
926 1669 1006 1733 dicit.
1049 1671 1140 1751 Quae

100 1769 128 1832 si
145 1791 217 1832 vera
233 1781 312 1833 esset
322 1773 484 1850 sententia,
505 1773 638 1859 primum
649 1784 835 1856 sequeretur,
857 1771 1054 1836 Athenaeum
1071 1794 1139 1839 sae-¹

100 1892 140 1955 pe
158 1891 212 1935 eos
227 1873 310 1957 ipsos
328 1873 502 1937 nominasse
519 1875 691 1959 scriptores,
711 1885 856 1957 tanquam
873 1874 939 1958 ipse
956 1881 1140 1956 cognoverit,

102 1985 134 2034 et
144 1995 198 2042 sua
212 1995 250 2035 ex
261 1976 298 2036 iis
312 1977 460 2039 hauserit:
483 1974 609 2053 deinde,
631 1976 714 2036 cuius
734 1977 778 2036 rei
796 1996 901 2037 caussa
917 1978 995 2039 hanc
1015 2001 1140 2043 omnem

103 2074 345 2158 disquisitionem
363 2076 492 2153 instihti,
520 2077 692 2159 ubicunque
710 2077 754 2137 illi
773 2076 854 2161 apud
868 2075 1066 2142 Athenaeum
1082 2105 1141 2143 no-

103 2177 271 2254 minantur,
292 2177 325 2238 in
340 2177 535 2257 Hesychiano
556 2177 653 2239 lexico
668 2179 733 2239 eius
747 2179 791 2239 rei
804 2179 931 2256 vestigia
945 2181 1026 2241 cerni
1040 2204 1141 2267 posse.

104 2277 204 2340 Simul
219 2289 334 2356 autem,
356 2279 383 2340 si
401 2280 478 2339 haec
497 2279 624 2358 vestigia
639 2300 712 2341 vere
732 2279 879 2363 impressa
898 2283 1081 2363 reperimus,
1103 2304 1141 2344 eo

103 2380 201 2460 magis
215 2391 335 2443 nostrae
353 2378 392 2441 de
404 2380 598 2460 Hesychiano
610 2381 709 2442 lexico
729 2368 894 2444 sententiae
915 2382 1025 2445 veritas
1042 2384 1143 2444 omni-

104 2485 162 2545 hus
179 2484 316 2545 elucebit.
358 2481 428 2545 Non
447 2483 596 2545 evitemus
614 2484 704 2562 igitur
721 2483 781 2543 hoc
803 2480 1068 2545 demonstrationis
1088 2505 1143 2563 ge-

104 2565 177 2661 nus,
204 2594 235 2645 et
254 2585 386 2668 primum
403 2582 478 2677 quid
495 2584 534 2646 de
556 2581 763 2668 Aristophane
780 2582 930 2665 Byzantio
951 2583 1143 2645 sentiendum

105 2686 157 2762 sit,
178 2682 321 2763 indagare
337 2684 522 2747 studeamus.

192 2783 273 2845 Inter
285 2784 400 2869 primos
422 2785 506 2845 enim
527 2806 649 2866 graecos
668 2786 902 2868 glossographus
920 2783 1059 2869 splendet
1071 2781 1145 2845 Ari-

107 2886 264 2971 stephanis
275 2883 414 2967 Byzantii
430 2907 561 2964 nomen,
584 2907 676 2970 quem
687 2886 788 2949 virum
801 2887 895 2949 fuisse
906 2886 1083 2970 praestantis
1096 2887 1144 2947 in-

107 2988 205 3070 genii,
227 3007 336 3049 omnes
352 2998 469 3050 veteres
490 2998 520 3048 et
542 2988 722 3050 recentiores
740 3008 803 3048 uno
821 3009 874 3049 ore
893 2985 1022 3049 edicunt
1064 2984 1145 3047 Nam
1170 2984 1174 2991 ’

107 3102 224 3178 praeter
242 3091 337 3151 multa
358 3091 415 3152 alia
425 3091 563 3175 ‚quibus
586 3110 676 3152 suum
696 3110 812 3153 nomen
829 3085 1013 3165 nobilitavit,
1035 3088 1146 3149 librum

107 3193 238 3279 scripsit,
258 3192 291 3254 in
307 3209 367 3276 quo
381 3192 547 3255 Laconicas
558 3212 651 3254 voces
671 3192 847 3270 collegerat,
868 3189 984 3252 Fabric.
1002 3189 1075 3250 hihl.
1093 3185 1144 3250 Gr.

108 3293 208 3371 th,
231 3313 295 3379 cap.
313 3292 481 3372 XXXIV,
503 3292 531 3375 ᾗ.
552 3290 648 3369 XIV,
670 3312 761 3374 quem
771 3291 922 3366 Wolfius,
945 3289 1146 3353 ubisummas

109 3412 157 3459 res
174 3396 337 3474 generatim
357 3395 497 3480 persequi
518 3395 656 3469 volebat,
678 3412 797 3454 summa
812 3390 919 3451 iniuria
939 3389 1146 3473 praetermisit,

111 3500 164 3559 cir.
176 3489 313 3574 Prolegg.
330 3497 370 3559 ad
389 3498 483 3559 Hom.
504 3518 534 3582 p.
549 3491 721 3557 CCXVIII.
764 3491 827 3554 Sed
843 3512 907 3552 non
927 3490 1019 3552 diu
992 3512 1056 3553 erus
1070 3492 1148 3553 liber

110 3600 144 3661 in
164 3599 327 3660 hominum
349 3600 488 3662 manibus
516 3595 636 3659 mansit.
689 3593 843 3656 Etenim
834 3605 912 3655 mter
936 3592 1148 3672 grarmnaticos

110 3711 181 3801 post
196 3721 269 3762 eum
290 3700 443 3780 virentes,
467 3701 576 3786 reperti
593 3709 678 3776 sunt,
707 3698 759 3783 qui
779 3697 897 3776 singula
919 3715 938 3756 a
957 3696 1028 3758 viris
1051 3694 1147 3757 doctis

110 3804 220 3890 scripta
232 3801 350 3864 lexica
340 3823 374 3862 ιιι
389 3822 484 3863 ιιιιιιιιι
502 3823 609 3887 corpus
623 3801 805 3879 eonitmgere
821 3797 904 3874 ausi,
929 3796 1065 3882 inprirms
1085 3798 1149 3857 eius

111 3907 223 3968 librum
246 3913 434 3988 occuparent.
478 3901 550 3981 Quo
572 3906 670 3981 facto,
693 3914 727 3964 ut
750 3901 816 3962 eiars
834 3899 991 3962 volumina
1016 3898 1151 3977 neglige-

88 4019 230 4087 rentur,
250 4006 424 4068 effecerunt.
467 4005 513 4068 Ita
525 4002 720 4091 Pamphilum
743 4014 775 4066 et
795 4000 1000 4128 Hesychipm,
1022 4017 1150 4082 quorum

901 4105 923 4164 Ἰ
