2534 4644
1118 293 1162 355 45

123 453 338 543 εὐδαιμονίαν
354 468 385 520 et
401 455 615 520 deducendum
631 465 676 520 est
692 443 846 521 avocead
861 450 1009 520 ἑστάναι·
1031 461 1158 523 alterurn

121 557 240 627 εὐεστοῖ
264 560 550 625 deducituravocc.
572 550 613 625 ed
635 552 735 634 εἶναι,
755 558 862 644 spiritu
880 558 942 621 leni
958 561 1158 648 pronuntian-

121 663 195 726 dmn
211 674 271 740 est,
294 674 325 724 et
343 684 414 724 cum
433 683 519 727 vocc.
537 654 682 725 ναιιιστοῖ
699 656 729 722 et
739 653 870 724 ἀπεστοῖ
875 705 885 736 ,
906 681 984 745 quaa
998 661 1081 747 apud
1091 663 1157 725 He-

119 767 260 847 sychium
272 765 468 850 reperiuntur,
481 766 632 824 cohaeret.
673 760 759 825 Prius
774 763 1060 843 igiturvocabulum
1073 785 1157 829 sem-

118 879 207 951 pertt
225 867 346 944 retinet,
367 887 467 950 neque
479 864 688 945 Diogenianus
719 863 804 925 aliter
821 864 993 949 scripserat,
1014 864 1097 948 quod
1116 887 1157 929 ex

119 967 356 1051 Harpocratione
375 979 406 1030 et
426 965 521 1030 Suida
542 964 733 1049 perspicitur3
765 966 914 1050 posterius
933 977 1052 1045 antem,
1085 989 1156 1030 cum

118 1090 195 1132 voce
217 1062 368 1151 εὐετηρία
397 1079 620 1154 comparatum,
648 1066 733 1158 cuius
755 1068 880 1129 notione
899 1087 1020 1152 qnoque
1034 1066 1154 1147 gaudet,

116 1169 212 1233 videri
231 1181 365 1256 poterat,
386 1182 421 1232 ut
436 1167 507 1245 ἔτος
525 1181 626 1232 ortum
644 1189 711 1232 esse
730 1189 840 1232 avoce
861 1164 904 1233 ἔω
925 1163 1079 1252 ιῖιτοῖρχω,
1100 1174 1154 1232 cfr.

90 1339 93 1346 ,
114 1270 217 1354 Etyrn.
231 1270 311 1336 Gud.
322 1295 354 1358 p.
368 1273 448 1351 215,
461 1272 512 1336 55.
527 1283 558 1333 et
571 1263 670 1334 ιύετοῖ
680 1267 874 1333 scribendum
888 1290 964 1332 csse.
1005 1270 1084 1333 Eam
1098 1293 1154 1334 au-

114 1384 177 1435 tem
189 1375 284 1437 fuisse
301 1371 492 1458 quorundam
513 1374 705 1458 opinionem,
727 1394 767 1435 ex
778 1369 928 1434 Herodoti
947 1370 1051 1434 codice
1068 1372 1153 1435 Med.

113 1477 166 1558 qui
187 1469 294 1539 τιῖετοῖ
307 1477 446 1559 praehet,
477 1474 637 1554 discimus3
670 1486 700 1536 et
711 1473 940 1553 Diogenianum
952 1473 994 1535 ita
1012 1475 1152 1552 sensisse,

113 1596 154 1637 ex
165 1573 282 1639 Glossis
294 1575 476 1663 Herodoteis
493 1576 698 1656 intelligimus.
741 1575 817 1638 Tale
837 1575 910 1662 quid
927 1576 1017 1656 igitur
1034 1580 1072 1639 ab
1087 1578 1153 1641 He-

112 1677 220 1758 sychio
237 1678 385 1740 omissum
399 1690 454 1740 est.
495 1677 600 1762 Itaque
616 1679 730 1738 factum
744 1689 803 1756 est,
825 1676 909 1762 qnod
922 1699 1015 1763 saepe
1025 1679 1090 1741 iam
1103 1680 1153 1744 vi-

113 1777 228 1858 dimus3
250 1801 314 1840 uon
327 1783 442 1861 glossa,
463 1777 520 1843 sed
533 1783 651 1861 glossae
663 1779 868 1865 interpretatio
888 1790 919 1842 et
938 1778 1057 1844 diversa
1076 1782 1151 1845 scri-

110 1891 197 1965 pttua
210 1881 304 1945 deest.
368 1931 372 1937 .

194 1980 241 2044 At
263 1981 401 2046 nondum
422 1985 494 2046 huic
511 1993 690 2064 argrnnento
714 1982 843 2052 modum
861 1995 991 2049 statuere
1011 2009 1149 2072 possiun.

110 2080 423 2163 Aliosenimlocos,
450 2087 611 2170 inquibus
630 2086 839 2166 Diogenianus
859 2100 1059 2166 memoratio,
1086 2089 1150 2152 Ba-

109 2185 185 2247 stins
207 2184 246 2247 ad
267 2184 392 2266 Gregor.
414 2185 549 2249 Corinth.
569 2209 600 2272 p.
621 2186 694 2251 241
715 2208 778 2270 seq.
798 2186 976 2266 indigitavit.
1026 2189 1149 2253 Scholia

109 2285 184 2349 Mss.
211 2285 288 2350 Cod.
316 2287 480 2351 Moden.
470 2311 503 2349 rn
533 2286 681 2350 Cl.ement
707 2284 877 2350 Alexandr.
894 2307 1011 2372 προτρ.
1037 2315 1068 2378 p.
1095 2298 1148 2390 26.

106 2387 281 2471 ...Sittius
309 2383 426 2464 λεττός
451 2381 536 2466 παρ’
557 2380 716 2464 Ἀττικοῖς
742 2386 830 2455 οὕτω
851 2394 987 2472 Διονενι
1004 2438 1120 2462 .....
1128 2398 1148 2430 “

107 2488 217 2553 Manus
231 2491 364 2558 secunda
383 2491 539 2576 adscripsit
551 2485 731 2574 Διογενήςς
752 2490 873 2555 Bastins
889 2497 1020 2579 praefert
1031 2499 1147 2581 Διογε-

106 2585 232 2668 νιανός.
260 2593 305 2656 Ea
319 2595 404 2658 vocis
415 2595 619 2678 interpretatio
633 2615 699 2655 non
711 2604 757 2656 est
774 2594 808 2655 in
821 2594 996 2677 Hesychio,
1018 2602 1146 2664 fortasse

105 2695 294 2756 librariorum
317 2713 430 2773 errore,
452 2715 546 2778 quum
566 2716 635 2758 sese
655 2695 834 2779 excipiant,
835 2691 983 2782 ,σχίζαῆ
1005 2699 1145 2785 λαμπὰς,

107 2792 232 2876 σχίζῃς,
263 2787 398 2877 σχῖζοιςς
438 2793 567 2876 σχῖδαζο
594 2789 636 2859 τοὶ
673 2791 774 2872 ξύλα,
804 2794 916 2878 σχίσαξ
936 2801 1004 2864 τοῖν
1024 2797 1144 2878 ξύλων·

105 2888 477 2978 σχιζογνανσοονς
504 2890 605 2970 τούς
633 2891 923 2980 συκοφάντας,
959 2923 1051 2987 quam
1075 2906 1145 2968 ulti·

102 3017 188 3058 marn
200 3017 311 3062 vocem
323 2999 434 3060 miram
445 3007 536 3061 vocat
548 2995 694 3062 Albertus
713 3008 744 3061 et
760 2998 794 3062 in
806 3001 988 3067 memoriam
999 3026 1144 3070 revocare

101 3098 177 3161 illud
202 3097 333 3181 σχιζίας.
372 3100 441 3164 His
468 3099 671 3185 comparanda
695 3112 766 3164 sunt
783 3099 880 3190 11‚.p
898 3105 950 3168 80.
978 3102 1143 3188 ,λσχναῖς

101 3204 232 3278 λεπταῖς
253 3199 366 3284 ξηραῖς
385 3213 416 3263 et
440 3223 518 3286 quae
536 3212 715 3285 sequunttu3
745 3214 776 3267 ct
795 3222 873 3290 quae
893 3205 1020 3270 Photius
1040 3210 1142 3288 habet,

101 3300 131 3380 I,
152 3325 182 3387 p.
207 3308 281 3383 117,
303 3309 333 3368 7.
361 3303 484 3366 Runkel
505 3300 545 3365 ad
569 3301 679 3366 Cratin.
694 3327 724 3389 p.
738 3309 789 3370 98.
825 3305 952 3370 Schow.
968 3305 1076 3373 Addit.
1102 3309 1143 3371 ad

101 3403 236 3483 Hesych.
249 3403 368 3468 Albert.
380 3427 410 3489 p.
426 3407 498 3468 721.
541 3402 704 3467 Meliorem
720 3427 893 3469 successum
904 3408 1142 3494 insequentibus

100 3505 260 3567 habemus.
280 3505 358 3593 lbid.
373 3504 414 3567 ad
428 3526 459 3589 p.
470 3504 519 3568 15.
540 3504 675 3583 ,Κοῖνοι
698 3504 732 3570 οῖ
752 3502 923 3591 στρόβιλοι
943 3508 998 3575 aul
1013 3510 1048 3576 οῖ
1059 3508 1142 3595 ev'p·

102 3617 173 3678 σοι,
196 3599 241 3680 οῖς
261 3601 496 3689 Διογενιανὸς,
520 3600 662 3689 ῥόμβος,
685 3607 812 3684 δῖνος.“
840 3621 871 3672 et
900 3612 1061 3689 ,Κοῖνος
1090 3611 1158 3692 §tt-²

100 3700 218 3787 λιὶοιον
246 3696 288 3772 οὗ
320 3704 451 3790 ἐξῆπται
479 3702 517 3772 vd
546 3708 710 3790 σταοτῖον
735 3707 793 3776 καῖ
827 3706 864 3775 ἐν
895 3715 967 3788 ταῖς
1000 3717 1141 3791 τελεταῖς

98 3803 262 3886 ἐδονεῖτο,
290 3807 346 3872 ἵνα
374 3806 482 3892 ὁοιζῇ,
512 3804 551 3873 τὸ
574 3807 610 3874 δὲ
631 3804 713 3876 αὐτὸ
735 3809 791 3877 nal
813 3806 938 3896 ρύμβος
958 3809 1141 3880 ἐκαλεῖτο.“
1168 3833 1169 3837 ’

99 3912 215 3975 Omnia
228 3913 260 3973 in
273 3910 429 3992 Hesychia
443 3909 568 3974 diversis
579 3913 655 3976 locis
666 3916 818 3994 leguntur,
839 3913 885 3993 II,
906 3937 937 4002 p.
949 3915 1022 3980 400.
1042 3918 1139 3995 „Koi-

98 4031 169 4078 νοτ·
197 4012 232 4079 οῖ
250 4009 374 4097 θύρσοι
394 4009 452 4078 καῖ
472 4007 651 4104 στρόβνλοι
675 4013 790 4083 καλοῖ
809 4010 1012 4100 στρόμβοιίις
1040 4016 1085 4096 ll,
1107 4041 1138 4104 p.
