2534 4644
112 452 263 519 scribendi
281 463 311 516 et
340 449 566 516 commentandi
593 448 752 543 materiam
772 448 864 509 etiam
890 468 912 508 n
949 436 958 467 ⁵
1063 446 1168 521 „irent

72 560 76 566 ’
111 557 292 620 Innumeros
304 555 479 639 scuptores
501 553 640 637 equibus
654 571 708 612 sua
723 534 950 667 conquisiverit,
1046 568 1168 611 enaetrs

113 657 378 749 cbrmnemoravit,
409 656 517 733 etita,
546 653 628 738 quod
658 653 755 715 voluit
782 651 915 736 assequi,
940 648 1168 713 utrdoctrina'e

112 783 185 824 suae
198 762 366 821 immensae
378 755 498 872 copiam
512 755 640 841 posteris
651 756 801 840 probaret,
823 773 893 814 vere
909 740 1053 836 pe‘rlecit.
1081 752 1167 831 „er

112 884 230 925 mertun
243 861 270 923 si
283 858 349 945 quis
365 857 441 918 inire
452 859 581 920 voluerit
594 856 801 932 Auctorum,“
823 855 864 916 ait
877 853 1165 932 Schweighaeuse-

112 987 162 1027 rus
176 965 321 1049 praes.-p.
342 957 402 1022 IX.
425 980 574 1043 „quorum
596 956 746 1042 escriptis
764 958 847 1034 loca,
869 956 1011 1018 breviora
1033 955 1166 1041 quidem

112 1069 206 1128 multa
212 1090 224 1143 ,·
242 1062 297 1126 sed
320 1072 351 1122 et
367 1061 439 1124 satis
452 1064 545 1141 longa
559 1058 643 1122 haud
656 1078 770 1144 pauca,
791 1058 823 1119 in
836 1060 897 1119 hoc
911 1078 1007 1143 opere
1020 1058 1165 1140 cinnor,

112 1166 151 1229 ad
179 1165 367 1244 octingentos
387 1184 454 1227 esse
472 1161 666 1247 comperiet.“
714 1156 820 1236 Quid?
853 1158 935 1245 quod
960 1158 1034 1244 ipse
1060 1159 1106 1224 de
1134 1180 1166 1226 ιο

112 1264 265 1353 praedicat
293 1259 376 1348 „lyei
399 1263 462 1348 γὰρ
485 1259 550 1328 οὐκ
573 1257 741 1344 ἀπήντησα
763 1264 810 1346 τῷ
831 1256 990 1342 ὁράματι·
1020 1262 1165 1329 πλείονα

112 1371 183 1451 τῆς
216 1363 340 1450 μέσης
365 1363 568 1448 καλουμένης
601 1360 775 1448 κωμῳδίας
803 1356 972 1445 ἀναγνοὺς
1004 1358 1165 1448 δράματα

69 1463 80 1483 “
112 1473 181 1534 τῶν
207 1463 411 1535 ὀκτακοσίων
439 1465 494 1530 καὶ
522 1461 652 1530 τούτων
680 1459 816 1544 ἐκλογὰς
842 1458 1095 1546 ποιησάμενος,
1129 1461 1165 1533 orl

112 1569 304 1654 περιέτυχον
325 1572 370 1654 τῷ
387 1562 732 1650 Ἀσωτοδιδασκάλῳ.“
774 1565 859 1626 Haec
876 1586 949 1627 sane
970 1568 1043 1630 lere
1067 1569 1164 1634 incre-

112 1674 211 1735 dibilis
236 1671 388 1750 diligentia
404 1691 548 1748 magnam
560 1667 682 1730 laudem
697 1666 763 1729 vito
781 1679 811 1728 ct
823 1667 1068 1735 admirationem
1085 1672 1164 1760 apul

112 1793 220 1835 onmes
234 1782 372 1856 posteros
386 1774 541 1834 contraxit.
584 1770 623 1832 Et
636 1768 706 1855 quid
724 1768 866 1831 hoinines
887 1772 1036 1853 aequales
1057 1796 1162 1838 sense-

110 1877 183 1952 rint,
208 1895 248 1936 ex
264 1872 396 1935 Aeliano
415 1877 525 1960 poterit
545 1873 703 1952 cognosci,
725 1872 776 1956 qui
795 1858 905 1956 paullo
916 1883 988 1956 post
1003 1874 1086 1938 libri
1102 1876 1163 1940 edi-

110 1977 242 2052 tionem,
264 1976 386 2039 nulla'
360 1998 424 2040 erus
438 1979 594 2045 mentione
615 1978 694 2036 facta
701 1973 858 2058 ,plurima
884 1993 975 2034 exeo
996 1975 1035 2037 in
1052 1978 1161 2042 Varias

110 2099 180 2142 suas
194 2079 333 2140 historias
346 2081 500 2140 transtulit
518 2078 694 2158 Schweigh
707 2079 800 2161 prael.
815 2097 845 2160 p
863 2074 952 2137 XVI.
973 2075 1096 2201 Neque
1108 2104 1161 2145 nos

111 2182 141 2243 ei
161 2183 240 2241 hanc
258 2179 381 2242 laudem
402 2182 538 2243 minuere
561 2200 733 2265 possumus.
776 2172 967 2238 Attamen'
940 2198 968 2239 ιι
975 2162 1160 2263 ‘contendq

111 2285 223 2359 multa,
244 2283 341 2342 immo
358 2276 505 2366 permulta
517 2293 654 2346 vetenun
667 2281 844 2366 scriptorum
856 2281 922 2340 loca
930 2277 1160 2357 ,Athenaeum

112 2404 175 2447 non
193 2383 303 2461 legisse
322 2382 423 2466 ipsum
445 2394 476 2445 et
497 2385 695 2468 excerpsisse,
716 2379 770 2443 sed
790 2383 828 2443 ab
848 2382 913 2442 aliis
926 2398 1080 2461 congesta
1093 2408 1160 2474 rep-

111 2484 224 2568 perisse
243 2492 274 2542 et
291 2483 322 2542 in
345 2502 434 2543 suum
451 2485 562 2546 librum
580 2484 781 2546 transtulisse:
810 2502 909 2567 neque
929 2483 1034 2548 ιίιιιιιι
1055 2488 1158 2577 ipsum

110 2581 144 2644 id
156 2593 300 2666 tanquam
312 2580 477 2645 admissum
496 2590 609 2649 crimen
622 2588 789 2667 lugientem
802 2585 938 2662 habebo,
959 2607 1068 2671 neque
1083 2592 1159 2655 alios

111 2685 265 2746 nanciscar
278 2683 475 2750 adversarios.
517 2687 597 2752 Nam
615 2689 681 2775 ipse
697 2687 888 2773 scriptoribus
902 2688 1045 2752 omnium
1063 2714 1158 2773 gene.

111 2809 179 2857 rum
197 2787 324 2850 laudatis
342 2791 458 2851 samam
479 2793 688 2877 honoremque
709 2791 766 2854 sibi
785 2788 911 2876 parandi
928 2787 1157 2875 cupidissimus,

110 2892 194 2952 hunc
206 2901 348 2952 conatum
371 2913 460 2954 suum
476 2915 574 2978 neque
594 2894 681 2954 fateri
699 2914 762 2954 non
775 2896 873 2972 volet,
893 2914 992 2976 neque
1006 2914 1159 2962 excusare

110 2991 255 3069 studebit,
277 2989 333 3053 sed
345 2994 505 3054 celebrabit
516 2995 615 3077 potius
628 2995 834 3055 vehementer.

195 3091 262 3153 Iam
275 3110 368 3176 quum
378 3112 522 3170 magnam
535 3094 599 3175 eius
613 3092 679 3152 libri
697 3102 814 3175 partem
828 3089 1023 3169 singularium
1035 3111 1158 3163 vocum

111 3191 260 3279 expositio
286 3193 437 3268 absumat,
466 3194 518 3253 cfr.
541 3180 716 3272 Schweigh.
738 3194 832 3278 praei.
861 3213 891 3276 p.
910 3188 1004 3268 XIII,
1031 3203 1158 3278 praeci.

109 3315 205 3380 puum
216 3295 294 3355 inter
305 3293 369 3354 eius
381 3294 481 3356 fontes
493 3295 596 3356 locum
611 3294 816 3381 lexicographi
836 3302 995 3379 occupant,
1017 3308 1158 3378 quorum

109 3397 175 3478 ipse
189 3414 333 3472 magnam
351 3395 470 3479 copiam
483 3394 667 3475 nominavit,
688 3401 739 3460 csr.
751 3395 840 3460 Indd.
855 3394 1032 3474 Schweigh.
1045 3396 1157 3466 Tituli.

110 3515 197 3558 ιιι.
222 3490 322 3571 λέξεις
343 3507 372 3556 et
386 3499 545 3578 γλῶσσαι,
567 3511 641 3561 tom.
662 3499 721 3578 IX,
743 3521 773 3583 p.
794 3495 866 3562 234.
889 3508 920 3558 et
940 3497 1012 3561 253.
1058 3497 1158 3578 Quae

111 3594 150 3656 de
171 3593 331 3682 Pamphilo
352 3598 585 3685 disputavimus,
608 3605 685 3663 clare
700 3600 733 3663 id
751 3584 967 3664 demonstrant.
1009 3597 1157 3669 Maxima

109 3706 213 3757 tamen
235 3719 341 3761 eorum
361 3723 430 3787 pars
450 3725 543 3787 quum
562 3704 674 3765 omissa
694 3705 748 3781 sit,
770 3703 939 3788 quomodo
960 3701 997 3762 iis
1009 3701 1157 3771 fontibus

108 3818 181 3860 usus
198 3800 301 3878 fuerit,
330 3815 361 3864 et
381 3815 523 3888 quantum
535 3806 582 3868 sui
602 3805 701 3890 operis
719 3817 837 3891 partem
856 3809 895 3868 ab
914 3804 972 3866 illis
989 3808 1157 3890 acceperit,

106 3901 263 3983 explorare
285 3900 478 3969 difficillimus
498 3915 545 3968 est
570 3917 703 3969 conatus.
753 3907 800 3971 Eo
820 3907 991 3988 diligentius
1016 3905 1157 3991 singula,

103 4020 183 4086 quae
192 4025 369 4087 possumus,
390 4007 435 4069 rei
451 4008 590 4093 exempla
612 4010 782 4096 percprirere
799 4010 956 4074 debemus.
999 4006 1096 4075 Hanc
1112 4016 1158 4079 ob
